3048 5046
532 641 574 684 nn
593 643 617 683 J.
634 643 784 687 nnncnnn
805 643 877 686 vrnn
1111 634 1142 686 m

266 775 351 832 natis
371 773 583 848 quorumdam
609 775 791 850 principum
825 777 931 850 gratia
954 776 1056 850 pretio
1081 779 1146 835 tarn

266 885 389 956 infami,
414 885 482 946 sive
497 887 712 961 quaerentium
737 889 870 948 comites
885 888 1049 958 uitiorum,
1080 889 1146 946 sive

266 1001 380 1074 legatis
390 1001 1143 1080 advenisquehospitalemparantiummensam.

266 1115 348 1174 Nam
380 1115 537 1176 Germani
573 1119 663 1177 nulla
698 1121 851 1178 comitate
887 1118 1020 1178 suavius
1049 1133 1146 1194 quam

265 1230 374 1304 longo,
400 1225 460 1290 nec
484 1231 603 1301 sobrio,
629 1232 778 1292 convivio
799 1234 989 1308 ¹peregrinos
1008 1234 1147 1293 credunt

211 1389 213 1395 ι
266 1346 384 1421 excipi,
405 1347 437 1405 et
460 1347 538 1406 tunc
560 1346 765 1406 verissimam
792 1347 832 1406 ab
859 1348 937 1422 ipsis
969 1341 1147 1422 hospitibus

266 1462 525 1523 benevolentiam
539 1464 572 1522 in
588 1479 623 1522 se
638 1465 796 1538 expromi,
811 1463 865 1523 nbi
881 1465 1001 1523 mutuis
1023 1464 1147 1539 poculis

241 1575 243 1579 ’
267 1578 419 1638 inundari
439 1595 505 1638 non
520 1579 681 1639 abnuunt.
702 1579 736 1639 ld
751 1580 816 1639 illic
827 1594 954 1639 summa
965 1579 1143 1650 urbanitas

267 1687 300 1745 et
318 1685 507 1745 coeuntibus
533 1687 636 1760 prima
650 1687 794 1776 amicitia
820 1687 937 1746 animis
958 1687 991 1744 in
1017 1685 1148 1745 i'oederis

267 1801 384 1860 locnm'
402 1802 422 1860 ¹.
448 1819 465 1858 s>
493 1797 629 1861 Scimus'
648 1803 691 1872 et,
714 1801 866 1862 Barcinio
886 1801 1058 1870 doctiores,
1081 1816 1147 1859 non

268 1916 448 1976 amicorum
463 1917 557 1976 modo
572 1916 643 1976 istis
659 1917 775 1992 pocula
790 1917 951 1993 placuisse
965 1915 972 1974 t

308 2031 412 2090 Locus
435 2032 487 2090 bio
510 2047 586 2092 vero
602 2032 640 2091 de
663 2032 781 2091 litteris
800 2047 908 2092 nonne
925 2031 993 2091 sale
1009 2030 1149 2105 plenus‘?

310 2166 325 2201 «
347 2145 479 2206 Litterae
503 2143 536 2204 in
552 2145 662 2206 multis
683 2146 763 2206 locis
780 2145 875 2204 cultae
900 2125 986 2205 inter
1000 2143 1148 2204 homines

267 2261 374 2319 minus
394 2259 517 2320 sciendi
529 2259 642 2320 avidos
657 2275 755 2336 qnam
769 2257 916 2319 docendi.
937 2258 1036 2318 Plura
1052 2272 1149 2334 quam

269 2377 415 2450 legerint,
428 2376 585 2446 scribunt,
601 2380 633 2436 et
644 2391 737 2436 suam
750 2375 870 2436 famam
888 2391 931 2436 ex
949 2375 1151 2434 voluminum
1237 2362 1241 2372 '

268 2507 339 2567 quae
359 2493 460 2551 edunt
483 2507 620 2551 numero
643 2493 700 2550 aut
724 2487 948 2564 magnitudine
968 2489 1145 2548 aestimant.

269 2606 325 2666 Vis
356 2607 512 2666 mentium
525 2608 560 2665 ut
573 2620 682 2680 opaca,
700 2607 745 2664 ita
765 2605 805 2686 ad
825 2605 1041 2663 aeternitatem
1064 2602 1154 2661 labo·

269 2741 341 2783 rum
361 2725 410 2782 est
434 2723 580 2793 robusta,
598 2724 633 2780 ut
659 2722 757 2781 ceteri
777 2721 892 2779 melius
910 2719 1038 2793 quidem
1055 2718 1151 2783 scire.

269 2841 315 2900 illi
336 2856 412 2901 vero
432 2841 526 2916 plura
540 2839 664 2914 possint
683 2837 704 2872 ²·
723 2859 738 2891 »

309 2958 372 3016 Per
400 2971 512 3015 omnes
541 2955 679 3029 Europae
732 2952 866 3027 populos
906 2955 1151 3026 percurrentem

221 3079 223 3084 ’
268 3074 453 3134 Barciaium
469 3074 501 3132 et
515 3086 557 3131 ex
570 3069 683 3130 ordine
695 3069 734 3129 de
748 3068 902 3128 italorum
913 3066 1152 3144 Belgaromque

269 3189 386 3262 indole,
401 3189 440 3248 de
454 3187 672 3262 Hispanorum
696 3184 790 3258 genio
818 3186 849 3243 et
873 3183 1028 3254 moribus,
1051 3184 1153 3259 deque

270 3301 446 3376 Hungaris
473 3302 619 3370 Polonis‚
649 3299 827 3373 Turcisque
856 3297 1067 3378 disserentem
1088 3312 1152 3356 non

308 3541 357 3594 ¹J.
372 3546 497 3594 Bancnnu
517 3541 573 3594 [con
595 3544 737 3599 animorum,
762 3557 807 3605 cop
831 3540 865 3588 V.
887 3537 989 3586 Dresdae
1015 3544 1038 3584 et
1056 3537 1154 3599 Lipsim,

272 3621 334 3666 1733.

306 3703 381 3764 ²1n.,
398 3706 456 3756 iiic.
