3062 5048
409 633 443 686 lid
622 641 663 685 nu
686 641 710 685 s.
734 633 880 685 caucana
906 619 1073 683 nnunnrnn

409 774 503 832 inodo
518 774 569 831 isti
583 774 615 831 in
628 773 755 832 titulum
769 772 902 847 publicae
913 770 1061 830 utilitatis
1075 784 1127 828 res
1143 769 1288 843 privatas

410 889 589 961 praetexere
606 887 741 955 soleant,
767 901 855 946 nunc
869 901 903 945 se
920 886 1065 945 insontes
1079 899 1098 942 a
1114 899 1191 957 ruge
1215 899 1288 958 pro-

409 1000 541 1059 ditionis
564 1000 745 1060 insimulari
768 1001 989 1076 destinatique
1007 997 1186 1073 suppliciis
1202 1014 1287 1057 nuuc

409 1129 491 1174 nova
501 1115 645 1189 portoria
660 1115 896 1191 vectigaliaque
912 1114 1022 1173 atalia
1049 1112 1215 1186 praedandi
1234 1130 1286 1173 ro-

407 1227 523 1287 eabula
535 1228 677 1304 quotidie
689 1229 881 1302 excogitari,
899 1244 985 1288 nunc
999 1226 1180 1286 exanimati
1193 1230 1286 1299 regni

407 1343 565 1417 sanguine
578 1359 697 1419 paucas
713 1344 880 1403 hirudines
900 1342 1035 1417 expleri,
1053 1344 1086 1400 et
1109 1341 1201 1400 novis
1224 1341 1285 1400 lio-

407 1457 547 1518 minibus
569 1461 732 1518 exercitus
752 1457 1025 1533 praefecturasque
1036 1455 1182 1516 mandari
1197 1454 1287 1514 dicti-

407 1571 636 1641 tantes‚donec
652 1572 867 1632 coercendam
881 1570 1088 1647 tyrannidem
1105 1565 1216 1629 eorunr
1232 1570 1286 1645 qui

408 1688 561 1762 principis
588 1687 742 1746 facilitate
769 1686 956 1756 abutantur,
985 1688 1096 1760 aperte
1124 1685 1285 1756 clament,

407 1800 508 1861 voluit
523 1802 554 1860 et
567 1799 734 1860 Barclaius
751 1801 885 1875 hujusce
900 1799 977 1858 rnali
992 1799 1135 1859 remedia
1150 1799 1287 1874 principi

406 1930 587 1990 proponere
608 1919 640 1975 et
658 1915 746 1973 viam
769 1914 942 1974 ostendere
967 1929 1037 1989 qua⁴
1055 1913 1163 1973 nimiae
1178 1916 1300 1990 poten-e

408 2029 459 2088 tiae
473 2028 610 2105 inquieti
631 2027 725 2087 viria
745 2044 801 2103 spe
821 2042 879 2087 sua
894 2027 1022 2087 detrudi
1037 2030 1180 2102 possent.
1198 2027 1288 2086 Prin·

406 2159 481 2218 ceps
496 2145 623 2218 oportet
634 2144 733 2217 igitur
746 2144 935 2218 patientiam
951 2160 1017 2218 prae
1028 2159 1063 2202 se
1076 2143 1169 2211 forat,
1187 2146 1219 2204 et
1233 2144 1287 2203 ubi

407 2259 562 2334 patientia
578 2274 642 2318 non
654 2257 849 2336 profecerit,
866 2259 1018 2334 expediat
1038 2275 1144 2330 arina;
1165 2260 1285 2320 bellum

405 2373 489 2433 idern
519 2373 680 2434 interdurn
703 2372 886 2449 abrumpat,
912 2389 1089 2450 pacemque
1118 2374 1220 2434 iaciat
1234 2375 1286 2435 vel

405 2490 563 2561 inducias,
580 2491 616 2550 ut
631 2489 755 2549 tactiosi
780 2475 1010 2565 disjungantur
1024 2505 1109 2564 aegre
1130 2490 1163 2548 in
1186 2505 1288 2550 unum

405 2605 551 2666 redituri.
576 2603 624 2664 lta
646 2603 701 2665 fiet
720 2606 756 2663 ut
776 2604 870 2664 novis
889 2603 1014 2663 artibus
1041 2603 1181 2679 spatium
1202 2604 1283 2665 lutu-

334 2788 337 2795 .
406 2737 476 2780 rurn
493 2720 535 2780 sit
553 2735 616 2797 quo
632 2720 683 2779 vei
704 2719 789 2779 inter
809 2734 842 2778 se
871 2720 1081 2784 commissos,
1106 2718 1156 2778 vel
1176 2735 1288 2779 conse

404 2837 558 2895 noscente
578 2834 729 2906 factione,
746 2834 831 2910 apud
850 2832 1004 2909 populum
1021 2848 1139 2893 exosos
1153 2849 1212 2893 sua
1227 2829 1290 2892 im-¹

344 2949 346 2956 '
404 2951 508 3024 [rietes
521 2950 646 3024 perdat,
663 2951 720 3009 aut
741 2951 830 3009 certe
844 2950 973 3010 turbiue
997 2965 1107 3009 rerum
1127 2966 1287 3010 novarum

402 3063 519 3123 defessi
544 3064 605 3138 ipsi
626 3079 660 3123 se
683 3063 722 3122 ad
749 3063 968 3123 reverentiam
988 3042 1169 3132 majestatis
1194 3065 1285 3124 reci-

404 3179 504 3254 piant.
520 3176 918 3237 lnterdurnnecessarium
929 3180 1099 3239 consilium
1117 3181 1189 3253 erit,
1201 3183 1285 3257 quod

403 3291 569 3352 Olooderni
585 3293 616 3350 et
635 3289 818 3350 Eristlienis
832 3291 990 3366 supplicio
1006 3295 1210 3368 proponitur,
1238 3311 1287 3354 se-

402 3407 560 3468 ditionum
579 3421 705 3465 surnma
724 3405 832 3481 capita
846 3407 1027 3482 majestatis
1046 3406 1213 3477 damnare,
1235 3409 1286 3467 in-

404 3538 466 3597 que
489 3523 526 3581 iis
541 3522 690 3596 exempla
706 3521 826 3582 iacere.
863 3521 941 3583 Haec
969 3523 1098 3599 aliaque
1126 3525 1286 3600 ejusmodi

406 3637 547 3709 pertrita
558 3635 637 3695 satis
653 3637 683 3695 et
711 3636 814 3708 magis
836 3635 930 3696 chria
953 3636 1071 3697 dicenti
1088 3653 1184 3713 quarn
1201 3637 1286 3698 iactu
