3062 5048
456 635 497 677 oa
522 636 562 676 nn
588 635 731 680 rorurrca
757 639 789 679 ru
812 638 974 681 nnonnrun
1125 628 1159 681 73
1252 694 1257 708 ι

278 739 350 842 qnae
366 767 519 826 exoriens
537 766 618 826 tanti
639 767 803 841 supercilii
829 767 898 838 luit,
916 784 982 828 non
998 785 1084 842 aegre
1100 769 1164 830 sol-

278 882 396 941 ventur
418 879 436 938 ¹.
464 902 476 932 u

316 973 437 1074 incepti
452 998 553 1056 nostri
568 1013 633 1057 non
649 997 882 1071 estdiligenter
894 1002 1096 1074 perscrutari
1115 1017 1166 1061 an·

276 1113 384 1174 omnia
397 1129 468 1188 quae
491 1113 654 1172 Ricbelius
670 1113 809 1174 edixerit
834 1119 869 1174 ut
882 1132 980 1185 novae
992 1116 1067 1176 fidei
1093 1120 1157 1178 stu-

275 1230 383 1290 diosos
395 1228 435 1288 ad
450 1245 562 1304 pacem
578 1227 738 1303 publicam
752 1230 952 1304 conciliaret,
963 1233 993 1291 in
1010 1232 1094 1293 lianc
1111 1233 1157 1293 lb·

273 1345 425 1405 burranis
440 1347 601 1405 rationem
617 1346 691 1420 apte
709 1345 879 1419 quadrent.
897 1343 973 1418 Sed,
991 1347 1024 1405 ni
1049 1347 1155 1419 l'allor,

259 1430 359 1520 'haud
376 1461 585 1520 dissimilibus
598 1459 741 1520 consiliis
756 1474 824 1517 rem
838 1459 938 1532 gessit
953 1460 1006 1518 ille
1024 1461 1077 1535 qui
1093 1461 1155 1521 Ru·

275 1578 389 1653 pellam
400 1578 493 1654 cepit.
504 1576 688 1637 Rebellibus
700 1576 786 1634 enim
799 1575 945 1644 devictis
962 1593 1060 1652 quum
1075 1595 1091 1637 o
1107 1594 1155 1638 re·-

273 1693 391 1768 ligione
404 1695 485 1752 ortis
497 1692 590 1753 bellis
601 1692 697 1751 linem
711 1690 841 1774 t'eqisset
851 1690 991 1751 edictum
1001 1690 1154 1754 Nemausi

273 1799 511 1886 promulgatum
529 1805 642 1884 (1629),
658 1804 823 1866 llicltelius
840 1806 1155 1872 Calvinistisliberos

271 1926 353 1986 ritus
383 1924 543 2000 praestitit,
574 1922 782 1997 ecclesiaeque
812 1923 1077 1984 constitutionem
1102 1925 1155 1984 in-

270 2041 425 2100 violatam
451 2039 591 2115 reliquit,
607 2037 734 2098 abunde
758 2041 849 2099 ratus
874 2056 987 2101 eorum
1003 2027 1030 2100 si
1046 2041 1156 2102 dirue·

271 2158 384 2216 rentur
408 2157 535 2232 oppida,
561 2156 700 2234 ipsisque
720 2154 807 2214 omni
836 2155 875 2214 de
898 2155 995 2215 rebus
1018 2156 1154 2232 publicis

197 2269 200 2276 '
271 2273 433 2333 communi
459 2271 691 2332 deliberatione
715 2271 976 2332 interdiceretur.
1005 2273 1153 2336 Proiecto

271 2405 335 2448 non
350 2389 491 2448 alienum
507 2387 575 2457 luit,
590 2389 625 2446 ut
636 2387 875 2460 subigerentur,
888 2403 944 2446 eos
960 2405 976 2445 v
993 2373 1154 2448 honorum

271 2505 361 2564 aditu
373 2524 388 2560 »
406 2504 569 2580 praecludi.
581 2502 735 2564 Nonnulli
751 2517 829 2561 sane
843 2522 856 2557 <‹
876 2502 985 2563 liberis
998 2505 1065 2563 suis
1081 2521 1155 2564 oon-

270 2621 422 2704 sulenteS,
454 2618 618 2692 magistris
650 2633 706 2677 eos
739 2617 946 2677 tradiderunt
981 2634 1037 2694 per
1067 2635 1151 2693 quos

215 2718 222 2726 ¹
271 2735 477 2795 erudirentur
500 2750 541 2794 ex
555 2734 654 2793 veteri
676 2747 777 2801 more,
796 2733 1007 2809 viverentque
1021 2734 1054 2792 in
1063 2735 1153 2806 regia

271 2850 406 2923 gratiosi
435 2871 450 2902 »
468 2848 542 2909 lllos
556 2850 676 2938 ‚tamen
693 2848 829 2908 comiter
844 2847 965 2908 habere
989 2848 1153 2908 Richelins

271 2985 336 3029 non
363 2967 530 3036 dubitavit,
548 2969 580 3026 et
603 2964 758 3041 quosdam
774 2963 973 3023 exercitibus
995 2964 1151 3039 praefecit,

271 3084 335 3142 imo
380 3083 413 3141 in
452 3081 659 3142 Academiam
681 3055 782 3138 'suam
814 3081 950 3155 accepit.
992 3080 1058 3141 Nec
1096 3097 1153 3156 per

272 3216 344 3260 eum
384 3199 473 3259 stetit
512 3197 682 3274 quominus
725 3198 968 3258 inimicitiarum
1010 3201 1152 3259 civilium

271 3313 408 3387 vestigia
439 3312 602 3402 paulatim
630 3311 849 3372 abolerentur.
910 3322 912 3326 ‘

312 3428 525 3496 Postremum,
546 3443 609 3487 non
630 3429 796 3489 minimum
825 3433 943 3502 tamen,
961 3432 1074 3491 vitium
1090 3449 1152 3506 quo

309 3657 314 3685 ¹
332 3664 346 3710 J
377 3663 502 3711 Bnnccnn
515 3659 625 3728 Arpenis.
638 3661 694 3710 Lib.
712 3663 744 3711 ll.
766 3681 787 3711 c.
799 3670 820 3711 3.
