3062 5048
397 655 431 708 oi
610 661 651 702 nu
671 661 694 701 J.
723 659 872 704 nnncunn
897 659 1063 701 nnouuion

396 809 488 853 arces
523 790 554 848 in
590 789 703 849 salutis
734 789 850 865 pignus
883 788 1071 862 efflagitent.
1107 787 1180 848 Eion
1207 790 1280 851 ideo

397 905 614 968 damnandam
632 903 803 964 Cleobulus
815 904 981 964 existimat
1004 907 1166 980 majorum
1180 904 1282 964 disci-

398 1024 520 1100 plinam
538 1036 557 1081 a
584 1020 699 1096 quibus
719 1019 857 1081 conditae
877 1023 953 1080 sunt
975 1036 1078 1080 arces.
1097 1020 1181 1080 Olim
1195 1021 1283 1080 enim

397 1133 540 1194 nondum
564 1131 707 1192 Siciliam
722 1133 867 1192 inunum
883 1135 1034 1194 coivisse.
1056 1133 1150 1193 Nunc
1173 1133 1284 1193 ornnia

397 1245 492 1314 bellu,
510 1244 700 1316 hereditate,
722 1245 907 1317 foederibus,
922 1247 955 1304 in
965 1261 1059 1320 reges
1072 1220 1192 1307 Siciliae
1206 1248 1283 1307 deos

398 1350 558 1420 retulisse,
578 1365 617 1408 ea
646 1349 799 1410 felicitate
826 1353 862 1422 ut
884 1352 1045 1412 neminem
1065 1353 1211 1427 reperias
1231 1353 1284 1412 cui

401 1487 413 1517 »
439 1464 547 1523 carius
572 1479 638 1524 non
653 1464 695 1522 sit
709 1479 879 1524 commune
898 1463 1017 1524 Siciliae
1042 1482 1161 1526 nomen
1187 1482 1284 1543 quam

402 1605 415 1636 a
439 1582 611 1655 angustum
624 1580 801 1656 provinciae
817 1580 925 1655 inqua
942 1583 1114 1642 asinabus,
1136 1606 1148 1636 v

440 1693 534 1755 Dicet
564 1693 682 1769 aliquis
715 1691 765 1752 his
796 1691 904 1752 verbis
939 1691 1045 1754 futura
1083 1693 1283 1770 providisse,

400 1827 465 1870 non
482 1809 653 1885 praesentia
669 1807 884 1867 delineavisse
898 1807 1095 1868 Barclaium.
1118 1809 1212 1869 Haud
1225 1809 1285 1868 ab·

401 1925 535 1986 surdum
552 1928 661 1984 tamen
674 1926 745 1984 erat
765 1923 795 1981 id
817 1937 859 1982 ex
873 1923 984 1998 parvis
1000 1923 1101 1983 initiis
1114 1925 1284 1998 augurari,

403 2042 437 2099 ut
449 2055 526 2100 mox
540 2039 574 2097 in
589 2053 688 2097 unum
705 2035 822 2096 Galliae
838 2050 973 2110 regnum
986 2015 1198 2097 coalesceret.
1257 2070 1259 2076 ι

440 2151 587 2211 Alterum
620 2157 796 2227 praeterea,
821 2152 930 2212 lorsan
963 2156 996 2213 et
1028 2155 1149 2214 certius
1180 2170 1285 2214 reine-
1327 2229 1328 2232 Ἴ

402 2269 489 2327 diurn
511 2267 723 2326 contumaciae
742 2265 775 2324 in
807 2266 869 2326 hoc
889 2283 961 2329 esse
986 2271 1077 2344 ponit
1099 2267 1283 2340 Cleobulus,

402 2373 437 2443 ut
466 2377 642 2459 paucorum
672 2398 831 2442 annorum
857 2384 1058 2460 praefecturae
1086 2386 1161 2446 sint.
1179 2385 1285 2458 Quum

314 2543 318 2550 ,
401 2470 487 2557 enirn
507 2511 549 2556 ex
576 2511 665 2555 inore
697 2487 730 2555 in
754 2496 886 2571 longum
914 2500 946 2558 et
971 2497 1086 2558 stabile
1113 2499 1284 2574 imperium

402 2615 611 2690 permittendi
644 2614 829 2690 provincias
860 2615 962 2675 multa
997 2617 1083 2676 mala
1116 2616 1283 2685 fluxerint,

402 2733 658 2808 praefectisque,
682 2731 771 2790 velut
801 2730 934 2792 totidem
964 2733 1104 2806 regulos
1134 2732 1285 2793 venerari

402 2848 576 2924 populares
603 2847 818 2917 assueverint,
843 2848 969 2924 ipsique
984 2850 1129 2909 rectores
1150 2848 1210 2908 sibi
1234 2864 1285 2908 re-

403 2977 479 3036 gum
503 2962 580 3036 jura
609 2959 848 3034 arrogaverint,
885 2961 966 3020 nihil
989 2963 1129 3038 amplius
1159 2964 1284 3023 restare

404 3077 465 3136 ille¹
495 3075 675 3136 arbitratur
716 3075 778 3134 nisi
820 3077 984 3154 princepe,
1028 3078 1285 3154 quotiescunque

403 3208 516 3253 eorum
548 3192 665 3268 aliquis
699 3192 847 3264 decedet,
882 3195 975 3254 novis
1004 3194 1130 3268 legibus
1158 3209 1315 3262 succes,

404 3322 509 3370 sorem
547 3307 736 3380 constituat,
764 3323 824 3368 nec
862 3309 946 3374 ultra
975 3309 1154 3370 triennium
1182 3311 1286 3384 potes-

403 3403 503 3484 tatem
523 3423 552 3482 ei
581 3421 753 3492 concedat,
777 3422 842 3483 imo
866 3423 899 3482 n
925 3424 1034 3499 piures
1064 3425 1188 3484 divinat
1206 3423 1286 3484 vne-

404 3540 578 3600 ualitatern.

447 3653 524 3715 Haec
537 3655 575 3714 de
592 3653 711 3714 Siciliae
725 3669 826 3730 regno
841 3653 985 3718 Cleobuli
997 3657 1158 3718 sententia
1174 3656 1287 3716 obver-
