3048 5046
497 669 536 710 nn
556 671 579 709 r.
604 669 753 712 annonari
773 671 845 711 vrrn
1097 664 1113 716 5

232 801 407 870 verterent,
422 799 718 860 omnem'dederunt
732 815 864 875 operam
877 801 953 860 utin
967 818 1024 861 suo
1038 819 1111 861 eum

232 930 366 975 numero
382 913 550 974 haherent.
567 913 652 974 Huic
665 916 799 981 oonsilio
815 918 918 992 pater,
931 918 1000 992 jam
1016 921 1111 978 antea

228 1029 362 1088 Jesuitis
375 1029 508 1102 propter
519 1027 683 1102 dignitatis
700 1005 847 1105 titulique
859 1031 1112 1105 cujusdamcon-

228 1141 713 1213 tentioneminiensusohstitit,
724 1145 923 1221 istorumque
934 1147 1111 1208 inimicitiis

229 1255 398 1326 lacessitus
431 1256 463 1315 in
479 1257 627 1330 Angliam
650 1273 685 1316 se
705 1258 855 1318 conferre
868 1259 1022 1320 decrevit.
1040 1260 1112 1320 Ma-

229 1387 293 1445 gna
316 1368 457 1430 enimin
485 1387 542 1446 spe
569 1373 639 1431 erat
659 1372 744 1447 apud
762 1371 920 1434 Jaoohum
942 1387 1062 1453 regem,
1081 1377 1112 1436 et

230 1486 334 1560 ipsum
354 1501 419 1545 non
439 1485 648 1574 ineruditum
659 1487 766 1546 locum
780 1486 873 1546 honis
889 1487 1013 1548 artibus
1028 1489 1109 1549 t'ore.

229 1597 301 1658 Non
326 1599 465 1673 primum
491 1603 626 1660 eventus
650 1599 690 1659 G.
717 1601 903 1661 Barclaium
922 1600 1110 1662 salsumlia-

230 1715 316 1786 huit;
343 1732 458 1792 nempe
483 1717 645 1778 immerito
667 1717 736 1791 regi
751 1699 880 1777 'Jacobo
901 1717 1028 1777 crimini
1059 1717 1111 1778 da-

230 1834 320 1891 retur
349 1831 434 1906 quod
463 1847 529 1890 non
561 1831 697 1891 comiter
727 1830 814 1891 inter
839 1831 1112 1891 familiarissimos

226 1946 496 2025 jurisconsultum
511 1947 688 2022 exceperit.
707 1945 775 2006 lmo
791 1948 905 2027 contra
921 1962 982 2007 rex
999 1963 1071 2007 eum
1093 1964 1112 2007 a
1173 1922 1180 1940 ⁸

228 2063 361 2126 secretis
383 2077 454 2122 esse
464 2063 574 2136 J'ussit,
591 2061 666 2122 licet
678 2061 749 2135 lege
764 2061 925 2128 sancitum
940 2035 1054 2122 luisset
1071 2079 1111 2124 ne

229 2166 300 2252 quis
315 2177 414 2252 huJ'us
435 2175 602 2250 religionis
622 2175 742 2246 fautor,
759 2175 811 2234 cui
828 2175 988 2235 constanti
1005 2175 1111 2236 studio

229 2291 333 2366 luerat
358 2289 516 2360 addictus,
538 2290 600 2350 hoc
625 2287 825 2365 amplissimo
850 2305 985 2350 munere
1002 2289 1111 2364 sunge-

149 2441 156 2452 ι
229 2408 328 2467 retur.
353 2405 441 2464 Adde
462 2404 546 2480 quod
570 2403 608 2464 G.
625 2403 766 2464 Barclaii
791 2403 877 2463 filius
906 2405 1049 2478 regalem
1065 2404 1078 2462 f
1097 2437 1111 2448 -

228 2537 340 2582 vorem
367 2521 399 2580 et
427 2500 622 2594 captaverat
635 2522 667 2579 et
691 2518 751 2578 sihi
776 2517 1007 2578 conciliaverat
1025 2519 1109 2595 quod

229 2634 398 2705 iacobum,
418 2648 537 2693 norum
560 2633 776 2708 principatum
802 2632 1108 2708 inchoantem;poe-

232 2750 317 2808 mate
333 2746 558 2807 celebraverat
584 2747 616 2805 ei
644 2745 762 2804 librum
787 2761 891 2815 suum,
913 2744 967 2819 qui
988 2743 1108 2804 dicitur

230 2864 449 2936 Euphormio,
475 2861 572 2934 regie,
590 2860 642 2919 oui
656 2858 782 2918 dicatus
793 2859 1109 2934 suerat‚patrocinio

228 2978 389 3040 tuebatur.
411 2973 609 3035 Excellentis
623 2972 745 3046 ingenii
759 2987 833 3048 spes
849 2951 881 3032 et
902 2971 1026 3033 fructus
1037 2975 1106 3049 Jam

227 3093 347 3154 maturi
362 3092 441 3152 adeo
459 3077 552 3164 grata
565 3088 656 3148 luere
672 3087 808 3163 principi
830 3088 865 3146 ut
881 3088 1018 3162 Jusserit
1033 3105 1110 3164 poe-

230 3212 295 3268 tam
310 3207 419 3268 omnia
434 3219 559 3266 summa
571 3217 715 3279 sperare,
740 3202 911 3263 dummodo
928 3181 1018 3277 regia
1041 3220 1107 3264 non

230 3322 403 3396 emigraret
415 3301 457 3380 ex
466 3319 552 3381 aula.
569 3317 691 3378 Verum
710 3319 814 3392 pater,
836 3319 983 3378 metuens
1006 3333 1046 3376 ne
1058 3319 1110 3392 ju-

93 3415 96 3418 *
146 3466 150 3472 -
231 3427 335 3495 venie,
350 3427 384 3485 in
398 3425 493 3486 aetaie
508 3423 633 3484 lubrica
656 3438 749 3482 novae
765 3419 930 3494 religionis
943 3421 1109 3482 blanditiis

234 3542 348 3629 captus
373 3556 393 3600 a
421 3539 559 3617 pristina
585 3537 648 3597 fide
669 3523 874 3605 descisceret.
896 3536 982 3595 huno
1004 3552 1113 3596 secum

233 3657 266 3715 in
294 3654 434 3715 Galliam
457 3653 604 3714 abduxit.
636 3651 707 3711 Huc
729 3652 895 3723 advectuS,
913 3652 1113 3726 exspectavit
