3048 5046
399 703 415 754 2
742 703 919 748 PR-OOEMIUM

387 855 511 902 ¹verare
543 836 659 912 ausim.
683 833 771 893 Nulli
807 834 927 898 tamen,
950 831 1123 892 dummodo
1154 813 1282 892 attento
1321 889 1324 896 .

397 957 506 1016 animo
539 950 737 1026 Argenidem
767 947 952 1024 perlegerit,
981 947 1083 1006 nimia
1111 943 1280 1021 scriptoris

397 1070 613 1134 admiratione
639 1080 776 1142 peccare
797 1061 942 1134 videbor,
964 1063 991 1122 si
1013 1063 1088 1124 hoo·
1101 1077 1182 1138 opus
1209 1078 1282 1122 oon·

396 1187 527 1278 tendam
544 1199 611 1244 non
630 1181 789 1242 meruisse
810 1181 846 1239 ut
870 1195 898 1239 e·
911 1180 1004 1277 tanto
1028 1178 1141 1254 gloriae
1154 1177 1284 1252 fastigio

399 1296 432 1353 in
451 1289 578 1353 tantum'
594 1287 815 1360 contemptum
828 1285 941 1360 postea
957 1283 1180 1345 descenderet.

437 1397 515 1458 Haeo
535 1394 701 1471 praecipua
735 1390 815 1449 mihi
851 1403 949 1449 causa
986 1389 1046 1450 iuit
1079 1391 1284 1453 our-librum

398 1514 474 1574 oiim
494 1508 754 1575 celeberrimum,
773 1520 838 1564 non
863 1503 932 1565 sine
959 1505 1099 1581 quadam
1121 1506 1284 1583 voluptate

396 1627 586 1704 perieotum,
606 1621 734 1698 penitus
750 1619 962 1694 perscrutari,
977 1619 1110 1694 ejusque
1131 1621 1280 1693 virtutes,

399 1742 427 1802 si
442 1755 514 1817 quae
530 1738 605 1808 sint,
622 1735 655 1793 in
679 1733 786 1792 lucem
801 1729 958 1806 proferre,
985 1746 1172 1807 quanquam
1197 1733 1283 1793 haud

395 1854 561 1916 levissimo
585 1850 696 1910 forsan
724 1847 830 1921 impar
857 1844 958 1914 oneri,
969 1846 1178 1919 aggrederer.
1206 1847 1284 1908 Pre-

397 1973 477 2032 tium
493 1970 581 2030 enim
596 1979 703 2044 operae
716 1955 861 2024 futurum
872 1976 945 2020 esse
951 1961 1097 2034 judicavi
1114 1963 1152 2036 si,
1166 1963 1284 2024 iahulae

397 2083 588 2160 ambagibus
617 2077 761 2140 breviter
794 2075 962 2150 expositis,
994 2077 1070 2151 quid
1108 2094 1192 2139 novo
1222 2078 1284 2138 isto

397 2199 581 2275 scriptionis
596 2205 726 2270 genere,
743 2190 935 2266 eujusnuila
949 2195 1026 2252 sunt
1046 2194 1130 2268 apud
1151 2193 1285 2254 Latinos

397 2313 559 2389 exempla,
576 2307 783 2388 proposuerit
795 2303 977 2380 Rammius,
996 2308 1286 2384 anquirerem‚ial-

399 2444 516 2505 sasque
549 2423 722 2500 Argenidis
757 2421 1050 2496 interpretationes
1082 2439 1284 2495 amoverem,

400 2542 599 2620 paucissima
621 2539 711 2616 prius
719 2535 758 2596 de
779 2535 948 2610 scriptoris
961 2537 1028 2597 vita
1044 2538 1287 2614 minoribusque

399 2660 530 2736 scriptis
547 2657 718 2736 praefatus.
