3048 5046
449 575 457 592 ·
504 616 545 658 DE
563 617 588 661 J.
616 617 766 662 nascenti
785 621 860 663 Vl'l'A
1087 617 1119 668 15

239 749 273 806 in
304 763 338 807 se
364 747 506 824 undique
531 749 684 810 invidiam
715 751 912 828 dispelleret,
937 768 1120 831 pravasque

237 862 445 923 submoveret
477 862 774 939 interpretationes.
809 865 892 926 Nam
924 883 991 928 non
1026 884 1119 945 aequa

141 1059 145 1066 ¹
236 979 344 1038 mente
360 975 516 1040 {tulerant
537 978 672 1040 Jesuitae
694 981 728 1039 in
753 997 788 1042 se
813 981 935 1043 sactum
950 983 1117 1058 impetum,

237 1109 297 1154 nec
312 1095 543 1156 «innocentem
557 1097 668 1157 ludum
682 1119 698 1152 ›>
720 1098 754 1158 in
769 1099 809 1158 iis
823 1099 975 1172 viderant
988 1117 1060 1176 quae
1080 1101 1119 1160 de

236 1208 491 1284 Acignianorum
518 1212 643 1272 artibus
666 1213 891 1290 machinisque
913 1219 1118 1289 narraverat,

236 1339 295 1384 nec
318 1323 459 1386 libenter
485 1327 664 1402 Juventutis
687 1329 861 1388 venatores
888 1343 923 1388 se
949 1328 1116 1405 appellari,

238 1441 461 1517 temerataque
493 1444 629 1515 secreta,
650 1441 886 1519 arbitriumque
919 1443 1118 1506 familiarum

236 1553 447 1615 callidissima
473 1556 694 1619 insinuatione
727 1557 900 1634 quaesitum
918 1557 978 1617 sibl
1005 1573 1119 1634 expro-
1215 1533 1219 1544 ⁵

235 1667 327 1728 brari
337 1670 522 1733 audiebant.
544 1671 617 1734 Non
633 1673 768 1734 deerant
783 1689 910 1750 quoque
930 1673 982 1734 vel
996 1673 1116 1750 privati

235 1783 386 1847 homines
409 1788 473 1863 qui,
489 1788 681 1848 stultissima
704 1787 921 1859 confessione,
939 1788 1117 1862 imaginem

234 1915 326 1959 suam
349 1902 394 1962 ,in
431 1901 540 1963 libello
573 1904 693 1978 exponi
730 1871 957 1980 quererentur,
998 1903 1118 1979 quique

239 2035 252 2066 «
268 2014 375 2076 velato
391 2015 534 2091 capite»,
552 2019 587 2077 ut
600 2017 771 2098 ipsedioit,
787 2017 1015 2077 inBarolaium
1030 2018 1117 2076 inve·

237 2130 403 2191 berentur.
421 2131 538 2193 Nescio
553 2149 596 2193 an
615 2133 834 2194 inimicorum·
846 2134 928 2193 iram
942 2133 1120 2208 placaverit

235 2245 266 2303 et
293 2247 417 2306 crimen
433 2247 668 2324 expurgaverit
682 2247 861 2323 Apologia;
884 2247 962 2323 quin
987 2248 1051 2308 imo
1065 2262 1117 2306 ve-

235 2379 311 2424 reor
324 2378 365 2444 ne
380 2361 553 2446 Barclaius
574 2363 693 2424 vulnus
716 2339 858 2438 priscum
882 2363 1020 2423 vulnere
1034 2377 1118 2422 novo

218 2477 494 2548 exacerbaverit,
522 2479 554 2538 et
585 2493 737 2538 censores
764 2493 807 2538 ex
834 2477 975 2536 inimicis
1002 2477 1116 2538 fecerit

209 2592 486 2675 inimicissimos.
516 2590 640 2668 Nempe
678 2591 793 2670 eodem
831 2607 895 2668 quo
927 2590 1118 2665 Apologiam

235 2720 343 2766 anno.
380 2704 470 2763 nullo
502 2705 599 2764 modo
639 2703 905 2782 circumspectior
941 2702 1064 2773 sactus,
1099 2717 1119 2762 a

235 2823 327 2898 patre
340 2821 495 2896 scriptum
516 2820 645 2892 librum,
671 2835 731 2880 nec
752 2821 858 2894 minus
882 2820 993 2880 l'orsan
1013 2818 1119 2880 otien-

236 2937 337 2997 sionis
370 2936 557 2996 babiturum
587 2935 698 3004 edidit,
739 2937 792 2995 cui
825 2935 938 2996 titulus
971 2938 1019 2994 De
1054 2938 1119 2995 Pc-

235 3043 353 3103 iesiole
369 3047 476 3118 Pcpoe
491 3057 537 3101 on
558 3042 589 3102 ct
602 3042 772 3116 quolenus
786 3045 822 3101 tn
841 3045 951 3116 Reges
965 3041 996 3102 cl
1010 3044 1118 3100 Prio-

235 3161 523 3233 cipessecolares
544 3159 604 3227 jus
625 3158 657 3218 et
676 3161 859 3232 imperium
878 3157 1007 3218 lrabeat.
1026 3155 1116 3230 Quod

235 3274 362 3350 quidem
375 3289 467 3350 opus,
484 3290 583 3350 quum
595 3276 721 3334 secreto
736 3289 910 3348 aggressus
925 3273 1041 3334 suisset
1053 3271 1117 3332 Gu-

236 3389 384 3463 glielmus
400 3388 581 3462 Barclaius,
601 3388 634 3447 in
657 3387 745 3447 aliud
760 3390 887 3462 tempus
903 3383 1117 3450 emittendum

235 3506 475 3578 reservaverat,
497 3505 646 3564 metuens
672 3517 713 3562 ne
734 3503 868 3562 nimiam
885 3503 918 3562 in
942 3499 1117 3562 setheolo-

235 3633 350 3694 gorum
365 3618 519 3678 invidiam
534 3618 722 3690 concitaret,
738 3616 867 3692 filioque
882 3615 1115 3676 bereditarium
