3062 5048
400 697 442 748 DE
460 696 634 739 ARGENIDIS
656 695 949 754 INTERI’RETATIONE
1075 689 1103 742 fil

227 832 353 890 trorum
368 827 497 901 ingenia
508 844 520 885 .:
543 828 618 904 quia
634 828 751 902 nugari
767 845 817 888 me
832 831 977 898 credent,
995 847 1107 892 omnes

225 941 365 1003 habebo.
392 942 556 1003 Amabunt
574 945 728 1020 tanquam
758 944 879 1004 theatri
912 948 970 1004 aut
996 960 1105 1006 arenae

226 1058 456 1134 spectaculum.
474 1058 692 1120 Itainsinuato
706 1076 816 1121 amore
828 1060 1106 1136 potionisaddam

226 1173 373 1233 salubres
394 1174 525 1233 herbas.
555 1173 638 1234 Vitia
664 1175 813 1250 effingam
837 1178 1051 1251 virtutesquc;
1075 1179 1108 1236 et

224 1290 357 1366 praemia
389 1283 535 1367 utrisque
559 1293 765 1352 convenient.
786 1291 871 1352 Dum
893 1293 1013 1367 legent,
1029 1293 1106 1353 dum

223 1413 378 1484 tanquam
393 1408 508 1467 alienis
522 1381 717 1478 irascentur,
736 1410 792 1469 aut
807 1408 972 1477 favebunt,
991 1423 1105 1468 occur-

223 1525 296 1584 rent
308 1524 369 1584 sibi
383 1525 473 1599 ipsis,
488 1527 732 1601 agnoscuntque
747 1524 872 1598 objecto
886 1523 1017 1599 speculo
1031 1539 1105 1598 spe-

221 1641 304 1700 ciem
323 1655 362 1700 ac
381 1641 533 1700 meritum
552 1657 620 1700 suae
640 1639 744 1700 famae.
766 1641 863 1701 Forte
898 1641 1029 1717 pudebit
1049 1657 1105 1701 eas

222 1755 330 1828 partes
346 1755 467 1814 diutius
487 1770 584 1829 agere
611 1756 644 1814 in
671 1772 769 1816 scena
795 1757 892 1832 hujus
910 1757 996 1831 vitae‚
1023 1771 1104 1834 quas

221 1868 283 1929 sibi
298 1865 495 1944 cognoscent
510 1887 552 1930 ex
565 1872 681 1946 merito
695 1871 869 1944 contigisse
881 1872 913 1930 in
927 1871 1048 1932 fabula.
1065 1871 1105 1932 Et

221 1999 261 2043 ne
274 1985 442 2045 traductos
456 2001 490 2046 se
500 1987 689 2062 querantur,
707 1987 845 2046 neminis
860 1987 967 2061 imago
978 1959 1103 2062 simpli·

219 2102 305 2169 citer.
324 2100 460 2160 extabit.
486 2100 735 2161 Dissimulandis
748 2101 813 2161 illis
828 2103 1102 2162 muitainveniam

220 2232 292 2292 quae
305 2216 425 2276 notatis
446 2217 622 2277 convenire
637 2232 702 2276 non
724 2220 888 2292 poterunt.
910 2217 990 2278 Mihi
1014 2218 1101 2278 enim

184 2383 187 2389 .
219 2347 285 2391 non
297 2331 356 2391 sub
371 2333 528 2405 religione
544 2332 688 2394 historiae
705 2332 859 2414 scribenti
876 2333 1009 2394 libertas
1029 2335 1100 2395 hacc

217 2448 290 2507 erit.
314 2446 367 2507 Sic
388 2448 478 2518 vitia,
496 2463 562 2506 non
590 2447 739 2508 homines
757 2449 934 2520 laedentur3
951 2465 1011 2508 nec
1029 2449 1100 2509 cui-

217 2579 313 2639 quam
326 2564 435 2624 licebit
448 2564 628 2638 indignari,
645 2565 707 2624 nisi
723 2565 777 2640 qui
797 2565 917 2623 vexata
928 2565 1051 2638 flagitia
1065 2564 1098 2623 in

217 2693 252 2738 se
271 2679 359 2754 turpi
373 2678 576 2738 consessione
590 2678 737 2754 recipiat.
755 2672 918 2746 Praeterea
936 2678 968 2737 et
983 2679 1098 2752 imagi-

217 2792 310 2852 naria
324 2792 445 2868 passim
468 2792 600 2851 nomina
622 2791 782 2862 excitabo;
804 2791 931 2849 tanturn
946 2790 987 2849 ad
1003 2791 1098 2849 susti-

180 2919 182 2924 ·
218 2882 343 2967 nendas
358 2905 510 2966 vitiorum
532 2906 752 2982 virtutumque
773 2919 949 2980 personas;
975 2907 1010 2964 ut
1026 2906 1095 2964 tam

216 3026 304 3083 erret
316 3023 370 3101 qui
385 3023 504 3094 omnia,
522 3038 618 3098 quarn
634 3023 688 3098 qui
704 3021 905 3097 11111111111110
920 3021 1095 3096 scriptione

215 3142 325 3216 exiget
336 3140 377 3199 ad
391 3155 502 3199 rerum
517 3140 691 3214 gestarum'
703 3137 873 3198 veritatem
891 3140 911 3196 ¹,
937 3156 954 3194 1

256 3255 336 3328 Quid
357 3256 489 3330 dignum
503 3257 616 3316 tulerit
631 3257 721 3316 tanto
743 3276 758 3310 <‹
773 3253 952 3330 promissor
966 3253 1058 3312 biatu
1075 3273 1091 3306 t>

212 3370 392 3442 Barclaius
418 3371 502 3430 inira
523 3371 633 3431 videre
646 3370 785 3430 vacabit.
807 3357 876 3428 Hoc
897 3382 997 3426 unum
1018 3380 1093 3440 pro·

211 3491 301 3548 certo
316 3487 569 3548 existimandum
583 3488 642 3553 est,
655 3502 728 3546 eum
744 3485 847 3554 fictas,
860 3495 1044 3560 quanquam
1059 3483 1091 3540 et
1137 3565 1140 3570 ,

249 3655 256 3685 ¹
272 3659 296 3707 J.
323 3659 457 3708 Bnncnnn.
476 3655 591 3725 Aroania.
611 3657 694 3718 nuga,
717 3657 773 3705 Bet.
792 3655 830 3704 Ex
849 3655 945 3703 officina
964 3653 1088 3702 Francisci

207 3730 308 3778 Hackii.
326 3731 398 3778 Anno
418 3734 479 3779 tcta.
495 3729 550 3778 Lib.
565 3729 600 3788 11,
618 3726 649 3777 C.
668 3733 693 3777 90
