3062 5048
421 615 452 668 lo
517 599 520 606 ’
634 622 721 664 nur.
749 618 899 660 ntlncnan
926 617 1100 664 lassaron.

414 751 553 814 leandro
566 750 743 812 Henricum
757 749 913 820 Tertium,
927 764 947 808 a
960 746 1166 810 Radirobane
1179 747 1302 826 Philip-

420 884 494 944 pum
512 866 694 928 Secundum
707 864 856 942 exprimi,
874 865 951 940 quid
967 866 1034 924 tum
1049 863 1185 938 intelligi
1199 865 1302 940 possit

417 997 460 1044 ex
474 981 584 1044 verbis
604 980 719 1056 quihus
741 995 853 1054 regum
874 981 1010 1040 istorum
1029 993 1226 1054 congressus
1248 995 1302 1038 ce-

417 1097 589 1158 lebratur:

458 1213 619 1272 «Tandem
628 1212 669 1272 ad
681 1226 797 1272 navem
809 1211 929 1288 scapha
941 1210 1296 1287 Meleandriapplicuit;

413 1329 470 1406 qui
491 1328 525 1387 in
544 1330 673 1404 paratos
688 1329 810 1402 gradus
826 1328 943 1388 enixus
958 1328 1007 1386 est
1028 1325 1158 1386 admoto
1168 1326 1209 1384 ad
1231 1324 1297 1384 sul·

412 1445 528 1506 cienda
549 1445 686 1520 vestigia
713 1442 971 1514 Archombroto;
1003 1442 1106 1502 donec
1133 1456 1298 1516 eousque

412 1562 569 1637 pervenit,
587 1537 622 1621 ut
637 1561 767 1621 tradere
784 1558 1007 1620 Radirohanes
1024 1573 1156 1618 manum
1172 1559 1296 1633 posset.

413 1675 494 1736 Turn
508 1692 585 1736 vero
597 1677 751 1752 tanquam
765 1674 842 1734 olim
852 1671 1030 1732 familiares
1046 1671 1154 1731 coiere
1175 1671 1298 1747 ample-

412 1788 526 1859 xibus;
549 1792 580 1849 et
604 1788 728 1862 gratias
750 1791 867 1862 agente
889 1787 1088 1859 Meleandro,
1105 1788 1188 1864 quod
1213 1789 1243 1848 is
1263 1803 1298 1848 sa

413 1905 560 1980 adjutum
574 1905 741 1972 voluisset,
759 1903 815 1965 ille
836 1903 1029 1965 heneficium
1051 1903 1297 1965 modestissimis

410 2019 519 2080 verbis
544 2020 694 2095 augebat.
711 2021 820 2080 Pauca
844 2021 959 2081 deinde
983 2020 1070 2080 inter
1082 2035 1116 2080 se
1131 2019 1294 2086 collocati.

413 2136 465 2199 laic
487 2137 527 2196 ad
550 2137 780 2197 salutationem
800 2136 956 2196 Proceres
978 2134 1108 2204 Siciliae,
1139 2135 1193 2194 ille
1217 2107 1306 2196 Sar-¹

412 2251 522 2324 diniae,
537 2251 678 2320 admisit.
696 2252 838 2322 Am'cos
855 2252 1062 2327 hospitesque
1077 2251 1295 2327 appellabant.

412 2366 489 2428 Mox
510 2369 542 2428 et
561 2368 796 2441 Radirobanes,
824 2385 884 2430 nec
906 2370 1053 2458 rogatus,¹
1075 2367 1242 2428 descendit
1263 2367 1296 2426 in

412 2479 591 2543 Meleandri
613 2484 778 2560 scapham,
794 2484 893 2560 quise
907 2484 939 2544 in
957 2484 1030 2544 navi
1045 2483 1144 2560 prior,
1160 2485 1229 2558 ejus
1246 2497 1298 2558 po

411 2599 520 2658 testati
534 2599 726 2660 tradiderat.
746 2599 951 2660 Personabat
984 2601 1053 2658 toto
1068 2599 1176 2659 littore
1203 2598 1294 2658 navi·

412 2711 536 2790 busque
547 2709 741 2790 symphonia
749 2729 760 2784 ;·
771 2715 931 2792 simulque
941 2714 1080 2774 militum
1092 2715 1125 2774 et
1139 2713 1297 2788 remigum

411 2830 549 2902 clamor,
563 2830 796 2891 celebrantium
812 2830 957 2890 mutuam
975 2829 1219 2903 Regumfidem;
1233 2845 1298 2890 non

412 2943 510 3013 terro,
526 2960 592 3004 non
608 2959 738 3019 aggere,
751 2961 817 3005 non
837 2945 1028 3006 custodibus
1042 2946 1142 3019 tutos,
1160 2945 1299 3021 simplici

412 3059 547 3134 pietate,
574 3061 669 3136 atque
696 3063 772 3135 jure
808 3059 951 3138 hospitii,
982 3062 1068 3122 inter
1094 3077 1129 3120 sc
1155 3061 1298 3135 jucunde

413 3172 550 3232 versari.
569 3173 761 3235 Omiseram
773 3189 862 3251 saepe
878 3175 1067 3252 potentiam,
1082 3176 1116 3235 in
1135 3191 1198 3253 qua
1213 3191 1298 3238 rarae

413 3277 578 3342 solicitatis
600 3281 711 3342 estad
734 3280 819 3342 bona
839 3284 1051 3360 privatorum,
1073 3299 1134 3344 nec
1155 3285 1297 3358 suspecti

414 3396 600 3456 commercii
633 3395 879 3471 humanitatem,
910 3399 1093 3473 pervenire.
1125 3398 1298 3474 Expositos

416 3509 453 3568 in
473 3509 580 3570 littore
602 3509 707 3585 Reges
728 3528 844 3573 rursus
866 3513 1049 3589 amplexus,
1068 3529 1183 3573 rursus
1209 3513 1299 3574 blan·

371 3644 374 3650 ·
416 3622 504 3682 ditiae
517 3624 1134 3702 tenenamffloaadirohanem,quum
1149 3627 1182 3687 in
1194 3627 1298 3702 prima
