3062 5048
404 661 437 711 80
492 687 494 691 ,
617 667 658 708 on
682 670 706 708 J.
734 669 883 709 ennoean
907 665 1072 708 sacientur

405 800 435 857 vi
455 799 631 874 repulerat,
665 798 1015 872 conclamaverantque
1039 791 1156 856 milites
1178 797 1207 856 id
1230 813 1290 872 ope

404 914 558 974 Minervae
587 915 719 987 sactum,
735 917 830 989 cujus
844 916 875 974 et
891 914 1031 989 speciem
1048 913 1147 971 radiis
1163 912 1289 986 fulgen-

406 1033 470 1089 tem
485 1044 611 1088 summa
634 1031 666 1087 in
680 1044 755 1088 arce
772 1031 999 1103 suspexerant,
1019 1027 1292 1099 Argenis‚'omni-

405 1145 465 1204 hus
478 1145 720 1218 gratulantibus
734 1145 819 1220 quod
836 1143 961 1203 tamdiu
977 1143 1145 1202 habuisset
1165 1143 1292 1202 domes-1

406 1263 505 1321 ticum
521 1277 653 1329 numen,
676 1260 778 1319 risum
793 1260 846 1318 rix
862 1275 1066 1334 compescere
1080 1261 1225 1349 poterat,
1256 1264 1291 1319 ut

405 1392 476 1451 quae
491 1378 656 1434 amantem
667 1377 821 1449 juvenem
836 1375 869 1432 in
883 1373 1208 1446 liguramTritonidis
1224 1389 1292 1432 cre-

408 1492 482 1550 dulo
499 1490 586 1564 vulgi
602 1505 732 1549 rumore
748 1505 942 1549 conversum
958 1489 1093 1561 rideret,
1121 1504 1224 1564 neque
1239 1505 1290 1548 er-

407 1623 481 1667 rore
496 1607 636 1667 liberare
652 1605 778 1666 nescios
799 1605 946 1664 auderet.

449 1721 536 1781 Idem
553 1722 591 1780 de
611 1722 732 1781 virtute
747 1721 810 1780 dici
825 1722 931 1795 potest
947 1735 1043 1795 quam
1061 1719 1179 1796 ubique
1209 1736 1290 1779 sem-

404 1852 462 1910 per
478 1838 635 1906 eamdem,
654 1838 686 1895 et
700 1835 761 1894 sibi
778 1838 983 1895 constantem
1013 1852 1094 1904 esse,
1117 1837 1167 1894 liis
1183 1835 1290 1916 uerbis

405 1953 503 2026 negat
517 1949 688 2010 Barclaius
711 1965 717 2008 :
755 1977 768 2006 ι
794 1948 903 2008 Multae
923 1951 1061 2008 virtutes
1087 1950 1214 2009 invitia
1236 1949 1291 2008 de-

405 2069 575 2140 generant,
588 2068 620 2126 et
632 2065 716 2142 quod
731 2066 835 2138 magis
851 2071 910 2135 est,
934 2081 1019 2140 saepe
1035 2067 1148 2126 rideas
1158 2067 1287 2126 eosdem

408 2180 555 2247 affectus,
572 2197 629 2256 pro
645 2183 826 2256 temporum
838 2186 936 2252 sorte,
954 2183 1190 2242 nuncrirtutes
1206 2198 1288 2252 esse,

410 2314 498 2358 nunc
522 2298 616 2355 vitia.
637 2319 652 2350 »
678 2297 817 2356 Pulchre
837 2297 964 2373 quidem
979 2297 1111 2368 dictum,
1136 2299 1192 2359 sed
1206 2299 1290 2375 quod

408 2431 481 2475 cum
504 2413 719 2488 scepticorum
754 2415 923 2488 praeceptis
946 2414 1093 2473 nonnihil
1121 2429 1290 2474 commune

407 2531 534 2591 lrabeat.

446 2623 494 2708 Ad
510 2663 678 2717 summam,
701 2663 765 2707 non
781 2649 830 2706 est
842 2647 932 2732 quod
942 2647 1043 2706 multa
1058 2663 1097 2707 ex
1115 2650 1291 2721 Arpeotcle

411 2765 630 2838 excerpantur
651 2763 719 2822 sive
743 2763 775 2820 in
790 2762 977 2836 religionem
1012 2762 1291 2838 plrilosophiamve

405 2877 545 2936 Barolaii
560 2877 787 2937 illustrandam
801 2877 984 2952 protutura,
1002 2877 1069 2936 sive
1080 2877 1195 2953 quibus
1206 2893 1291 2936 com·
1325 2859 1327 2864 ¹

401 2993 509 3050 munis
541 2993 686 3051 omnium
714 2991 851 3051 scientia
876 2993 1045 3065 augeatur.
1081 2991 1152 3052 Non
1174 2993 1291 3052 desunt

407 3112 516 3167 tamen
545 3107 723 3178 concinnae,
756 3109 852 3182 atque
878 3107 1129 3184 eplrilosophiae
1157 3109 1290 3168 moralis

408 3223 512 3298 parte,
530 3223 638 3296 petitae
652 3222 832 3292 sententiae,
844 3222 899 3281 sed
914 3239 986 3299 quae
999 3223 1102 3297 magis
1116 3223 1290 3284 verborum

409 3337 590 3414 splendore,
620 3353 714 3413 quam
736 3353 846 3398 rerum
863 3332 1006 3399 novitate
1020 3339 1161 3400 ualeant.
1178 3339 1290 3412 Qualis

409 3457 440 3514 et
460 3455 550 3513 loeus
570 3434 718 3529 isteque
732 3454 930 3530 principibus
950 3456 1146 3531 peculiarem
1171 3457 1287 3516 condi-

408 3569 528 3629 tionem
542 3553 586 3639 et,
604 3572 640 3630 ut
655 3570 700 3630 ita
720 3569 836 3641 dicam,
851 3571 1107 3633 tractabiliorem
1119 3573 1287 3632 conscien-

384 3679 387 3684 '
407 3683 487 3742 tiam
510 3683 616 3743 inesse
635 3684 844 3745 declaratur:
950 3685 954 3691 '
