3062 5048
460 668 501 709 nn
527 667 567 707 an
593 662 733 706 nourrius
759 663 792 704 nu
817 663 982 704 nnunsms
1131 655 1164 706 69

280 802 426 862 serviant
446 796 588 874 imperiis
614 796 704 855 meis.
737 793 803 853 Sub
832 792 1065 853 munitionibus
1094 794 1164 852 istis

278 916 398 977 tremat
413 913 536 973 circum
559 911 737 986 provincia.
761 909 861 1004 lsthic
887 896 1000 987 recipi,
1023 910 1098 970 hino
1121 911 1166 970 el-

279 1033 371 1092 fundi
399 1030 523 1106 possint
547 1026 674 1086 armati.
710 1027 854 1100 Regnum
891 1029 1029 1104 deniqne
1058 1029 1166 1088 minus

278 1149 311 1207 in
326 1145 475 1221 ampliori
497 1146 551 1202 tuo
566 1142 645 1201 milri
665 1143 825 1203 constitue
839 1149 859 1202 ¹.
878 1163 895 1201 >›

316 1261 420 1321 Unum
447 1275 574 1335 quoque
605 1259 644 1317 de
682 1258 942 1336 Hypereplianiis
969 1253 1162 1321 sententiam

275 1378 426 1438 Barolaio
455 1375 665 1450 Riobelioque
703 1374 804 1434 fuisse
836 1378 1093 1435 commonstrare
1128 1377 1161 1434 in

275 1495 427 1570 promptu
450 1493 509 1550 est.
540 1489 643 1550 Ambo
673 1489 802 1557 etenim,
837 1463 956 1546 rectius
973 1502 1069 1562 qnam
1091 1487 1161 1562 ple-

273 1611 365 1691 rique
389 1611 459 1684 ejus
482 1608 638 1683 temporis
661 1603 808 1664 liomines
824 1601 864 1660 de
879 1616 972 1659 novae
992 1600 1160 1674 religionis

273 1725 454 1786 fautoribus
469 1723 630 1798 augurati,
649 1723 679 1780 id
700 1721 825 1780 tanturn
853 1716 1034 1776 cavendum
1059 1717 1156 1776 duce-
1190 1742 1192 1748 ·

271 1842 360 1902 bant.
379 1857 420 1901 ne
433 1842 465 1900 in
484 1839 666 1916 «ainptiort
690 1851 790 1910 regno
806 1853 821 1888 r
839 1833 998 1891 minorem
1025 1848 1156 1908 rempu-

265 1929 398 2022 blicam,
431 1952 526 2028 (quod
556 1953 634 2027 quin
662 1952 755 2010 tieret
781 1966 844 2008 non
871 1949 1007 2008 multum
1036 1947 1155 2026 abluit)

269 2069 470 2146 constituere·
481 2073 687 2136 conarentur,
703 2071 847 2129 ceterum
861 2066 936 2126 dum
953 2083 987 2126 se
1003 2062 1154 2127 innoxios

268 2186 478 2259 praestarent‚
509 2198 564 2244 eos
602 2184 818 2258 peculiaribus
858 2184 925 2242 suis
959 2185 1062 2243 sacris
1093 2185 1153 2250 nti.

266 2299 421 2372 qnantum
445 2311 498 2356 res
515 2298 647 2365 sineret,
664 2299 850 2372 patiendum
870 2315 944 2360 esse
962 2300 1151 2360 censebant·

263 2397 349 2485 Quid
379 2412 419 2471 ad
450 2427 561 2487 pacem
591 2414 682 2486 regni
712 2401 966 2476 confirmandam
991 2417 1149 2491 eiusmodi

265 2530 401 2590 consilia
416 2530 574 2596 valerent,
606 2546 670 2590 non
698 2547 785 2591 nnnc
809 2533 936 2606 agitur;
963 2547 980 2589 a
1002 2531 1151 2592 Barclaio

265 2649 351 2708 certe
372 2646 549 2716 vindicata,
581 2649 802 2724 usurpatoque
829 2664 847 2707 a
880 2647 1025 2708 Riobelio
1051 2647 1150 2708 luisse

262 2763 371 2822 nullus
385 2764 433 2823 est
449 2763 502 2839 qui
524 2778 646 2837 negare
672 2765 785 2838 possit,
804 2765 984 2840 praesertim
1002 2763 1029 2821 si
1052 2761 1150 2822 Mele-

262 2879 402 2938 andrum
417 2879 599 2940 meminerit
615 2877 883 2955 Hyperephanios
900 2879 1083 2936 monentem
1109 2894 1148 2936 ne

261 2996 388 3070 majora
415 2994 473 3054 sibi
496 2997 571 3070 jura
597 2994 694 3054 tribui
726 2996 882 3054 censeant
906 3008 1001 3068 onam
1032 2992 1148 3052 ceteris

262 3119 397 3188 civibus,
422 3123 454 3180 et
486 3120 697 3181 lbburranem
727 3120 759 3177 in
787 3119 875 3178 liunc
902 3118 1044 3181 modum,
1073 3135 1146 3177 cnm

264 3238 496 3299 Archombroto
512 3239 552 3298 de
565 3237 730 3297 Usinulcae
746 3237 913 3312 discipulis
935 3238 1118 3314 loquentem
1139 3253 1145 3296 :
1228 3249 1231 3254 ·

302 3375 316 3405 <‹
333 3353 366 3411 Si
385 3353 459 3428 quid
473 3369 551 3412 vero
566 3353 632 3426 ipso
649 3353 786 3412 sentiam
802 3354 935 3427 qiraoris,
951 3367 1054 3427 neque
1072 3368 1144 3410 cum

298 3693 304 3722 ¹
320 3697 343 3747 J.
365 3698 488 3746 Bnncunn
509 3695 621 3762 rii-penis.
641 3697 693 3746 [th.
712 3699 758 3758 111,
776 3717 797 3748 c.
815 3705 839 3747 6.
