3062 5048
356 600 409 654 ‚78
588 603 629 644 DE
652 602 675 642 J.
699 599 848 642 nrucllnn
874 597 1039 640 nullux-lou

415 735 509 795 Hanc
539 735 647 792 autem
677 729 886 810 sententiam,
929 729 1001 805 plus
1037 745 1129 818 aequo
1156 729 1255 790 studii

375 851 495 911 habere
522 864 622 924 quum
649 847 692 906 sit
718 845 937 922 pcrpiscuum,
964 843 1171 904 infitiandum
1207 845 1258 908 ta,-

376 981 450 1036 men
474 978 538 1023 non
566 963 616 1022 est
639 960 730 1036 puris
757 959 849 1034 aquis
879 961 1006 1018 scatere
1034 961 1256 1033 Arpctcictenc

369 1059 473 1156 'atquc
494 1095 513 1138 a
532 1077 682 1136 Barclaio
704 1075 784 1135 nihil
808 1075 944 1152 praeberi
961 1074 1047 1135 unde
1067 1089 1172 1134 mores
1187 1089 1259 1134 cor-

377 1187 483 1262 rumpi
499 1185 634 1261 possint.
656 1183 734 1258 Ejus
759 1183 845 1242 enim
865 1181 1024 1241 castitatis
1040 1179 1203 1242 Poliarclri
1226 1185 1261 1242 et

378 1301 549 1377 Argenidis
563 1315 692 1360 amores
714 1300 791 1359 sunt
805 1299 841 1358 ut
852 1297 903 1356 rel
919 1297 1054 1357 minima
1066 1298 1261 1373 corruptelae

379 1417 521 1493 suspicio
543 1415 645 1485 absit;
678 1412 931 1490 necquidquam
956 1412 1045 1486 legas
1075 1415 1131 1472 aut
1164 1413 1261 1488 turpe

380 1530 513 1603 sactum,
538 1532 595 1590 aut
609 1528 754 1604 improbe
771 1529 891 1588 dictum
907 1529 992 1604 quod
1006 1528 1135 1587 crimini
1150 1532 1263 1591 verta-

380 1651 443 1708 tur.
472 1645 533 1706 Sed
555 1661 619 1706 non
645 1645 724 1704 satis
751 1646 800 1703 est
819 1644 857 1713 si,
885 1659 984 1719 quum
1010 1644 1134 1715 omnia,
1166 1645 1264 1706 utita

381 1761 498 1824 dicam.
525 1759 680 1835 pudorem
698 1758 915 1832 virtutemque
932 1757 1112 1830 redoleant,
1139 1761 1265 1832 postre-

381 1892 434 1936 mo
449 1875 552 1951 poenis
565 1873 672 1934 affecti
687 1873 762 1934 mali
776 1873 934 1944 homines.
944 1872 1021 1932 honi
1035 1889 1113 1934 vero
1122 1875 1265 1949 praemiis

338 2047 341 2060 ,
381 1989 469 2048 aucti
496 1988 650 2048 evadant.
673 1987 755 2061 Quid
782 1985 913 2058 deDe0,
946 1987 1084 2064 quidde
1108 1989 1265 2063 religione

383 2103 523 2178 scriptor
536 2102 686 2173 senserit,
707 2102 862 2162 lectorem
878 2119 942 2162 non
958 2103 1085 2164 nescire
1099 2106 1235 2179 oportet.

424 2219 525 2278 Porro
541 2235 605 2278 non
621 2218 687 2277 ulla
698 2219 872 2293 cujuslibet
886 2221 1017 2293 generis
1038 2221 1267 2296 superstitione

382 2332 561 2406 obligatum
577 2333 674 2392 luisse
697 2333 882 2394 Barclaium
899 2335 1057 2410 suspicor.
1084 2333 1177 2396 Certe
1193 2337 1269 2396 ina·-

385 2457 459 2501 nem
490 2441 671 2512 scientiam,
710 2457 773 2517 qua
798 2458 838 2501 ex
866 2442 1008 2502 siderum
1041 2444 1267 2504 observatione

385 2561 524 2620 ventura
537 2559 668 2635 praedici
685 2558 844 2628 solebant,
860 2559 983 2619 salibus
996 2563 1204 2621 consectatus
1218 2571 1269 2620 est

385 2676 493 2735 ettam
508 2674 828 2748 multisargumentls
840 2674 1005 2735 lacessivit
1020 2676 1055 2734 ut
1080 2677 1149 2736 tum
1161 2675 1269 2736 adhuc

386 2790 632 2850 mathematicos
647 2789 796 2850 floruisse
812 2790 979 2865 appareat.
1000 2789 1048 2850 De
1061 2789 1200 2852 Numine
1213 2807 1269 2852 ve-

387 2919 435 2974 r0,
456 2905 560 2980 deque
574 2904 669 2967 rebus
686 2905 814 2976 divinis,
839 2906 946 2964 minus
961 2920 1116 2989 expresse
1138 2906 1268 2967 locutus

388 3020 448 3077 est.
459 3017 672 3077 Aneroestum
683 3016 810 3093 quidem
819 3017 948 3079 induxit
959 3020 1137 3080 dicentem:
1151 3042 1163 3074 α
1177 3037 1270 3080 sum—

387 3146 473 3190 mam
486 3132 628 3206 aliquam
645 3147 716 3191 esse
736 3135 888 3204 mentem,
904 3151 975 3210 quaa
991 3136 1099 3194 omnia
1115 3136 1269 3196 condide-

388 3245 442 3316 rit,
464 3245 534 3321 ipsa
547 3245 692 3305 lex-solis
709 3249 1070 3324 nunquamoxerrantis
1092 3248 1132 3308 ab
1149 3249 1268 3320 orbita,

390 3362 458 3422 tum
477 3361 562 3421 lunae
589 3364 621 3421 et
649 3365 831 3423 ceterorum
847 3365 990 3425 siderum
1007 3365 1086 3426 ordo
1108 3365 1272 3440 totiusque

392 3476 517 3536 naturae
531 3476 696 3550 ingenium
713 3479 792 3539 satis
805 3457 989 3541 hominibus
1002 3481 1177 3558 persuadet
1192 3495 1271 3556 quos

390 3604 448 3650 nec
476 3591 644 3666 sapientiae
664 3609 731 3652 suae
759 3596 897 3670 superba
924 3597 1054 3672 opinio,
1082 3613 1141 3658 nec
1166 3596 1271 3656 brutis
