3062 5048
599 1213 719 1292 UAPUT
742 1214 781 1292 ni

426 1512 478 1570 De
490 1527 531 1569 re
548 1509 696 1582 politica
713 1509 752 1564 in
769 1507 960 1578 Argenuus.

292 1934 490 1996 Rebellionis
506 1935 674 2009 ingenium
702 1936 978 2010 factiosorumque
992 1934 1137 2009 praetex-

251 2053 315 2122 tus,
330 2051 511 2126 prostremo
524 2051 609 2110 viam
619 2055 652 2111 et
666 2052 779 2112 modos
792 2050 909 2128 quihus
922 2051 1130 2111 contumaces

249 2165 341 2225 obrui
357 2165 493 2240 possint,
523 2166 557 2224 in
578 2170 750 2242 Armeniae
777 2168 950 2243 depinge-re
979 2163 1131 2225 Barolaio

251 2279 420 2364 consilium
440 2279 509 2340 tuit.
536 2278 567 2339 Is
590 2297 687 2356 quum
707 2283 864 2354 seculum,
890 2296 953 2358 quo
973 2297 1038 2341 non
1053 2282 1133 2341 alte·
1183 2328 1185 2334 ,

253 2412 326 2455 rum
339 2395 569 2467 turbulentius
584 2399 745 2474 occidens,
764 2398 1020 2476 populorumque
1034 2397 1067 2456 in
1083 2412 1131 2456 re-

252 2526 309 2584 ges
342 2513 450 2571 motus
466 2595 468 2600 ¹
486 2512 731 2588 reiigiosasque
760 2513 910 2574 civilibus
937 2513 1127 2581 atrociores,

254 2623 444 2716 discordias.
462 2626 494 2682 et
518 2626 721 2686 notissimam
737 2628 1012 2702 conspirationem
1026 2627 1132 2700 angli-

254 2753 370 2798 canam
384 2740 619 2814 contemplatus
633 2743 718 2802 esset
734 2739 845 2818 (quam
860 2755 986 2830 quoque
1007 2739 1047 2798 ab
1064 2740 1134 2814 ipso

252 2857 420 2914 narratam
439 2854 597 2916 hahemus
612 2852 634 2936 ¹)
663 2872 825 2933 quumque
845 2857 884 2914 de
906 2856 1004 2916 rebus
1033 2855 1138 2930 pubii-

250 2968 298 3028 cis
311 2984 421 3028 secum
442 2971 656 3031 commentari
677 2987 695 3032 a
717 2987 819 3047 puero
842 2970 1077 3040 consuevisset,
1099 2969 1133 3029 in

250 3083 458 3153 curriculum,
477 3086 512 3144 ut
525 3086 571 3144 ita
586 3086 702 3158 dicam,
718 3087 836 3146 iterum
852 3084 1061 3156 descendere,
1085 3087 1129 3156 et,

253 3216 309 3275 pro
320 3201 405 3259 virili
425 3202 526 3276 parte.
544 3202 735 3276 periculosa,
753 3203 837 3261 siout
856 3200 1073 3267 existimabat,
1093 3199 1132 3258 de

252 3313 354 3389 piebis
368 3331 544 3391 regumque
567 3310 683 3378 mutuo
699 3319 774 3392 jnre
801 3323 962 3392 [inaccepta
982 3315 1132 3376 retollere

291 3515 297 3543 ¹
313 3519 392 3572 Series
401 3525 520 3586 patefacti
534 3526 652 3576 divinitus
663 3526 805 3588 parricidii,
818 3525 845 3574 in
859 3533 895 3574 ter
904 3524 1034 3572 cruciatum
1048 3519 1138 3586 Royour

255 3608 402 3714 relqssogmlque
417 3593 554 3646 Britannia
576 3598 675 3661 contrari
697 3606 718 3645 et
735 3596 858 3645 instructi.
877 3595 955 3644 Nonis·
975 3593 1015 3642 IX
1038 3592 1137 3652 bribus,

258 3665 275 3713 n
333 3696 336 3712 .
366 3703 372 3716 .
