3048 5046
560 1341 784 1436 nuumuiuu*

273 1893 321 1953 Ab
340 1891 445 1953 aetatis
464 1909 531 1951 suae
555 1893 767 1968 scriptoribus
789 1893 882 1953 valde
905 1894 1048 1965 laudata,
1063 1909 1113 1954 re-

175 2069 180 2078 ,
235 2007 432 2069 cautioribus
459 2024 537 2068 veru
565 2025 656 2084 paene
679 2002 803 2083 ignota,
832 2003 987 2086 quidquid
1007 2011 1114 2070 extre-

233 2139 321 2182 mum
349 2100 381 2181 in
398 2124 446 2183 rei
472 2122 640 2202 litterariae
661 2121 792 2182 suntuna
817 2123 869 2192 sit,
893 2115 1032 2183 Barciaii
1055 2124 1115 2184 Ar·

235 2239 325 2310 genis
357 2237 493 2324 subiisse
520 2237 660 2296 videtur.
687 2235 786 2311 Cujus
816 2237 873 2296 vix
898 2209 1115 2312 editae⁵quum

235 2341 315 2401 adeo
332 2343 418 2402 sama
438 2341 679 2417 percrebuisset
695 2343 729 2401 ut
750 2341 842 2401 latini
858 2342 1021 2401 sermonis
1035 2341 1115 2400 fines

234 2455 451 2532 transgressa,
483 2459 514 2516 in
543 2457 689 2516 diversas
713 2456 851 2532 Europae
874 2457 1015 2530 linguas
1029 2431 1118 2532 ¹citis-

234 2571 315 2630 sime
331 2573 491 2631 conversa
513 2573 545 2631 et
561 2570 829 2646 splendidissimis
844 2556 1014 2631 docturum
1026 2571 1117 2646 viro-

235 2691 308 2746 'rum
323 2687 442 2762 ubique
465 2687 616 2746 laudibus
633 2687 809 2757 cumulata,
825 2703 891 2746 non
906 2686 1038 2759 indigna
1051 2701 1118 2765 cre-

235 2801 370 2861 deretur
383 2787 464 2877 ¹quae
485 2801 590 2860 iocum
608 2801 769 2860 obtineret
781 2801 866 2860 inter
891 2800 1040 2860 absoluta
1064 2801 1119 2859 illa

234 2916 429 2977 venerandae
468 2916 671 2990 antiquitatis
694 2916 870 2986 volumina,
909 2917 1119 2992 veterumque

235 3033 367 3108 scriptis
380 3023 585 3109 aequaretur,
602 3033 646 3092 ita
671 3032 839 3108 paulatim,
858 3032 1043 3092 labentibus
1064 3047 1118 3091 an-

238 3149 301 3218 nis,
322 3163 364 3207 ex
383 3147 551 3209 hominum
577 3147 733 3207 memoria
755 3147 877 3208 excidit
899 3149 934 3207 ut
958 3162 1024 3205 non
1042 3163 1120 3222 pau-

239 3261 344 3320 ciores
371 3261 467 3320 hodie
488 3262 636 3321 invenias
660 3262 715 3336 qui
729 3262 924 3336 Argenidem
941 3277 1037 3338 quam
1064 3252 1119 3338 qui
1207 3250 1209 3253 ’

239 3375 424 3437 Barciaium
456 3376 587 3435 omnino
612 3377 769 3436 nesciant.
798 3375 914 3436 Utrum
940 3391 1018 3436 vero
1046 3392 1120 3435 cum

240 3489 390 3550 Barclaiu
407 3490 498 3571 „maie
521 3489 586 3551 sata
604 3491 668 3550 ista
689 3483 827 3564 egerint,
842 3507 885 3550 an
904 3491 1011 3566 potius
1033 3489 1120 3549 iilius

240 3605 405 3664 memoriae
429 3605 661 3669 consuluerint,
684 3621 781 3679 quum
807 3620 890 3679 opus
920 3604 1025 3678 ipsum
1056 3605 1123 3663 alta

241 3711 405 3772 obliuione
421 3711 577 3786 supprimi
593 3712 794 3786 paterentur,
811 3710 899 3770 haud
923 3711 1016 3772 tacite
1035 3727 1123 3771 asse·
