3048 5046
417 649 451 701 32
636 657 677 698 eu
696 655 720 696 J.
742 651 891 694 nnncunu
911 645 1078 690 nnouslnn

416 791 468 849 dri
484 788 583 848 liliam
595 785 758 860 totiusque
773 784 865 858 regni
888 781 1054 852 heredem,
1070 781 1104 838 in
1119 779 1298 839 violentum

416 903 604 978 conjugium
619 916 735 976 rapere
751 899 874 960 frustra
896 899 1031 969 adortus
1055 901 1115 968 est,
1137 900 1297 972 etenum

417 1021 559 1081 factione
574 1016 808 1093 clientibusque
823 1017 960 1086 valeret,
975 1013 1070 1088 civile
1090 1012 1213 1072 bellum
1228 1026 1297 1070 me-

416 1136 540 1195 ditatus
563 1135 624 1203 est,
641 1133 829 1203 Oloodemo‚
846 1131 1032 1202 Eristhene‚
1057 1127 1299 1206 Menocritoque

417 1249 655 1324 praecipuarum
684 1247 926 1322 provinciarum
957 1248 1139 1310 rectoribus
1163 1264 1236 1307 curn
1259 1262 1298 1308 eo

416 1361 705 1424 consentientibus.
730 1361 823 1422 Circa
850 1363 1075 1424 Meleandrum
1099 1378 1178 1422 vero
1204 1363 1298 1436 pauci

416 1481 511 1538 erant
524 1479 557 1538 et
578 1478 669 1537 laevis
686 1477 876 1553 aversisque
890 1479 1020 1538 animis.
1034 1478 1172 1539 Juvenis
1189 1480 1298 1537 tamen
1350 1499 1354 1504 ·

394 1565 398 1572 ¹
416 1598 449 1656 et
463 1595 619 1654 externus
632 1592 782 1669 princeps
795 1591 997 1666 Poliarchus‚
1006 1591 1177 1666 Argenidis
1188 1605 1299 1650 amore

417 1709 544 1784 captus,
561 1723 595 1767 se
618 1707 802 1768 Meleandri
826 1707 973 1782 partibus
990 1709 1160 1782 junxerat.
1184 1705 1241 1765 Cui
1263 1721 1298 1764 se

373 1879 376 1884 .
417 1823 541 1884 socium
552 1823 1162 1898 addideratArcnomhmtus‚princeps
1174 1823 1297 1897 etipse,

417 1945 450 2004 et
464 1960 541 2004 mox
561 1943 673 2003 rivalis
688 1942 829 2022 iuturus.
853 1943 932 2004 Post
945 1945 1107 2004 incertum
1127 1941 1161 2000 in
1187 1940 1298 2001 Gelois

419 2059 542 2135 campis
560 2056 709 2132 praelium
734 2056 934 2133 Lycogenes,
956 2073 1013 2132 per
1035 2057 1144 2116 uarias
1166 2054 1301 2124 fallendi

417 2173 518 2241 artes,
543 2171 715 2230 Poliarcho
742 2171 971 2248 perduellionis
998 2189 1054 2231 reo
1071 2171 1299 2231 necessitatem

418 2285 555 2362 imponit
580 2285 616 2344 ui
640 2278 778 2345 salutem
804 2286 837 2345 in
864 2287 990 2356 exsilio,
1009 2301 1074 2346 non
1097 2286 1167 2344 sine
1182 2298 1300 2370 magno

416 2401 588 2474 Argenidis
605 2400 727 2470 dolore,
745 2404 879 2476 quaerat,
891 2417 1066 2479 pacemque
1080 2403 1140 2462 sihi
1155 2417 1300 2462 commo-

417 2518 525 2578 dama
547 2516 732 2577 Meleandro
749 2516 883 2577 obtinet.
901 2519 942 2578 At
953 2517 1156 2590 Poliarchus,
1173 2523 1300 2594 sumpto

416 2634 646 2711 capillamento
670 2635 709 2694 ‘et
730 2635 820 2694 veste
848 2634 1009 2708 degenere
1037 2636 1159 2706 tectus,
1188 2635 1301 2708 sanum

417 2748 571 2818 Palladis,
585 2750 680 2823 an'us
694 2748 761 2806 aris
774 2748 867 2824 pater
879 2748 1074 2823 Argenidem
1096 2749 1298 2826 praefecerat.

418 2837 558 2938 puellam
571 2876 761 2936 supremum
774 2863 940 2922 invisurus
956 2862 1053 2932 subit,
1066 2866 1163 2938 atque
1174 2862 1215 2922 ad
1228 2878 1300 2923 earn

417 2981 587 3041 lustralem
624 2994 750 3039 ramum
787 2980 996 3040 venientibus
1033 2961 1297 3056 protendentemv

418 3094 538 3170 gradus
551 3096 730 3170 promovet,
743 3093 819 3152 dum
835 3110 895 3154 rex
910 3096 942 3154 et
955 3095 1145 3170 Lycogenes
1161 3095 1301 3170 mediam

417 3205 539 3266 habent
553 3205 693 3266 hostiam
707 3207 740 3265 et
764 3220 859 3264 sacra
882 3206 1015 3268 faciunt.

461 3321 524 3382 Sed
541 3338 640 3398 quum
664 3322 757 3380 novis
782 3321 923 3383 motibus
948 3325 1118 3384 materiam
1139 3324 1300 3400 quaereret

418 3434 616 3510 Lycogenes‚
633 3435 820 3496 Meleander
839 3437 900 3496 sibi
914 3439 1013 3513 regiae
1026 3439 1193 3514 dignitatis
1207 3438 1301 3510 ulti07

418 3564 493 3609 nem
509 3551 541 3609 in
554 3550 664 3612 animo
678 3565 749 3611 esse
762 3551 818 3610 uni
830 3552 985 3628 Argenidi
998 3555 1170 3634 declarat:
1187 3557 1217 3614 si
1233 3521 1299 3623 Μ)-
1353 3530 1356 3536 ¹

420 3678 564 3737 copones
586 3666 617 3725 et
632 3665 858 3738 factiosorum
876 3673 1049 3743 praecipui
1065 3668 1168 3730 varic
1196 3680 1301 3740 cepo·
