3048 5046
383 623 417 672 22
607 630 648 670 nn
668 631 692 670 J.
714 628 864 670 annonari
884 627 1048 668 niicnnmn

384 774 513 835 sequar.
545 757 606 829 Qui
630 774 672 816 ne
702 759 797 832 longo
832 756 960 834 quidem
996 756 1076 814 salis
1103 756 1267 816 curriculo

298 893 299 898 ¹
382 875 565 943 contentus
582 874 770 949 priusquam
795 873 877 932 libro
904 872 1000 930 linem
1010 871 1208 945 imponeret,
1227 871 1267 932 ad

382 987 619 1065 philosophiam
640 989 797 1048 moralem
813 1002 884 1046 sese
908 985 1070 1046 convertit
1090 985 1212 1060 etquid
1228 986 1266 1045 de

381 1104 565 1162 animorum
584 1102 710 1172 habitu,
730 1102 834 1177 deque
843 1102 1068 1174 tyrannorum,
1085 1102 1118 1158 et
1142 1101 1266 1174 princi-

381 1216 900 1294 pum,aulicorumque-affectibus
922 1218 954 1275 el
976 1215 1093 1274 studiis
1118 1216 1263 1288 sentiret,

382 1335 524 1409 aperuit.
556 1333 606 1392 Ex
631 1334 672 1394 iis
697 1350 769 1409 quaa
793 1333 826 1392 in
854 1331 1040 1406 exemplum
1064 1331 1163 1390 allata
1191 1337 1266 1393 sunt

378 1449 495 1524 conJ'ici
522 1450 629 1522 potest
655 1447 820 1524 copiosam
833 1447 866 1506 in
881 1450 982 1506 Iconc
1002 1448 1206 1506 arrianorum
1233 1451 1266 1508 et

378 1565 611 1625 historicarum
629 1566 661 1625 et
675 1565 847 1623 moralium
869 1578 980 1622 rerum
995 1561 1139 1622 studioso
1151 1561 1264 1622 lectori
1283 1567 1285 1573 “

378 1682 517 1757 praeberi
542 1682 725 1752 materiam,
743 1682 775 1740 et
802 1680 885 1740 nihil
904 1680 1009 1753 magis
1034 1679 1141 1749 libello
1157 1679 1210 1738 isti
1224 1677 1264 1737 ad

361 1794 466 1874 2huno
484 1796 568 1854 diem
594 1796 744 1856 nocuisse
760 1811 862 1880 quam·
880 1794 964 1870 quod
979 1795 1082 1854 latine
1106 1794 1264 1869 scriptum

378 1910 477 1970 esset.

418 2023 520 2096 Quum
536 2025 627 2084 vario
639 2025 811 2100 scriptume
826 2029 945 2099 genere
959 2024 999 2083 ad
1015 2024 1154 2098 aliquem
1169 2021 1264 2082 famae

378 2139 513 2212 gradum
531 2143 705 2214 provectus
727 2143 813 2200 esset
837 2140 1019 2210 BarclaiuS‚
1041 2140 1080 2200 de
1097 2139 1264 2199 Britannis

382 2252 488 2312 subito
512 2270 546 2312 se
573 2253 684 2313 retulit
708 2252 797 2331 (1616
821 2254 873 2313 vel
897 2250 1000 2333 1617).
1032 2253 1133 2328 Cujns
1155 2255 1263 2313 autem

287 2363 291 2372 '
379 2369 506 2428 consilii
521 2386 594 2445 quae
612 2385 719 2439 ,causa
743 2369 850 2436 suerit.
878 2385 943 2428 non
969 2370 1083 2446 liquet.
1102 2368 1264 2428 Tradide-

378 2487 455 2544 runt
468 2486 597 2560 plurimi
618 2502 702 2554 enm,
718 2486 913 2561 poenitentia
937 2486 1074 2546 desertae
1095 2485 1263 2558 catholicae

375 2601 542 2674 religionis
564 2609 583 2660 a
608 2617 670 2677 qua
680 2604 750 2677 jam
767 2605 864 2662 antea
884 2600 1037 2662 deiecisse
1050 2601 1218 2661 dicebatur
1239 2600 1259 2670 ¹,

375 2719 459 2778 clam
482 2734 524 2778 ex
543 2718 658 2793 Anglia
687 2734 751 2777 una
780 2726 853 2779 curn
867 2733 971 2778 uxore
995 2721 1028 2778 el
1049 2718 1115 2778 filio
1137 2733 1171 2777 se
1187 2717 1262 2791 suga

411 2878 419 2911 ¹
436 2883 500 2932 Vide
512 2882 781 2932 JoannisEudaemonis
794 2883 933 2948 Epistulam
944 2884 1099 2931 monitoriam
1111 2883 1141 2931 ad
1154 2882 1179 2930 J.
1197 2882 1260 2932 Bar-

374 2952 463 3002 claium
487 2955 577 3018 inqua
601 2957 712 3017 arguilur
737 2955 778 3002 ille
804 2954 871 3018 regis
890 2961 952 3002 nutu
976 2957 1053 3019 petris
1073 2955 1112 3003 sui
1137 2953 1260 3002 libruma

374 3023 508 3072 Britannici
522 3025 643 3088 evangelii
658 3027 775 3073 ministris
786 3025 817 3072 ad
831 3025 958 3074 libidinem
969 3025 1130 3074 deformatum
1140 3025 1258 3072 edidisse.

413 3113 419 3132 ι
443 3096 478 3143 At
499 3111 543 3159 spe
562 3095 665 3143 subinde
690 3089 770 3144 rerum
801 3097 960 3144 maximarum
985 3097 1062 3145 lrelus
1084 3098 1111 3144 in
1141 3093 1259 3160 Angliam

374 3169 476 3228 trajecit,
491 3165 533 3214 ubi
549 3182 637 3214 cesano
647 3167 758 3222 consilio.
773 3167 804 3215 ad
825 3167 1003 3216 conciliandam
1020 3167 1067 3216 sibi
1082 3168 1187 3232 regisse
1201 3166 1260 3215 des-

374 3236 485 3301 picabilis
509 3237 592 3285 saecuh
613 3253 705 3294 auram,
729 3237 760 3287 ab
784 3237 924 3287 orthodoxae
946 3239 1001 3287 fidei
1024 3240 1116 3304 gremio
1143 3237 1258 3294 descivit,

375 3324 449 3373 quam
464 3309 562 3373 scriptis
585 3309 657 3356 eliam
671 3309 759 3358 exinde
779 3310 892 3374 plurimis
915 3317 1006 3358 temere
1019 3311 1188 3376 impugnavit.
1200 3305 1261 3371 (ln-

373 3394 492 3428 nnnmms
508 3378 628 3430 Murcum
642 3380 802 3434 historicum).
825 3399 831 3418 ι

410 3449 440 3498 ‚J
445 3487 449 3496 .
458 3451 586 3500 Barclaius
596 3459 651 3516 post
662 3450 754 3500 obitum
762 3452 875 3517 palrisad
885 3467 967 3518 regem
978 3451 1204 3516 AngliaeJacohum
1210 3451 1259 3508 Vl,

372 3520 402 3568 ah
417 3523 501 3570 amicis
512 3525 618 3584 enaiim,
629 3539 656 3570 eo
667 3539 694 3570 se
703 3525 814 3580 contulit,
828 3523 897 3572 aiide
908 3524 1031 3588 ponlisicia
1047 3523 1078 3572 ad
1089 3523 1260 3588 evangelicam

372 3591 543 3726 del'rcil).....
566 3612 573 3632 t
610 3593 742 3654 (Fnarmm
766 3593 893 3646 Plectrum
921 3597 1029 3645 virorum
1052 3595 1184 3644 arraditionc
1207 3595 1229 3645 cl
1245 3624 1259 3632 -

374 3678 457 3712 roi-ium
477 3700 482 3711 .

1383 829 1396 874 Ι
