3062 5048
389 609 422 658 oi
603 585 644 658 nu
670 617 870 668 unancnnu
896 615 1061 658 anniculos:

390 748 523 809 consilia
537 749 570 807 in
584 745 744 824 publicam
759 763 882 824 pacem.
899 745 1049 808 Ceterum
1065 763 1277 837 qiraecu'mque

392 863 474 940 illos¹
489 863 617 924 occasio
633 862 737 934 tollat,
761 864 793 922 in
820 863 939 928 rixam,
963 861 1087 920 uirilius
1114 878 1194 937 quas
1217 879 1277 923 vos

391 980 651 1054 regestrihuistis
665 979 831 1054 succincti,
840 995 917 1038 mox
925 978 1060 1038 clientes
1069 983 1278 1054 armatosque

390 1095 570 1157 inveniunt.
598 1113 636 1157 eo
662 1097 820 1173 prolixius
841 1095 924 1172 quod
950 1095 1020 1155 llaec
1041 1096 1209 1155 secedendi
1227 1095 1241 1154 s
1259 1123 1278 1142 ι

392 1212 503 1272 oinora
519 1229 646 1289 semper
661 1213 765 1272 inulta
777 1214 852 1272 sunt
877 1213 908 1271 et
928 1211 1117 1286 plerumque
1143 1212 1278 1286 praemia

393 1325 586 1388 habentSio
600 1327 710 1400 erecti,
725 1327 771 1386 sic
783 1326 882 1387 veluti
895 1326 928 1384 in
944 1341 1002 1385 suo
1017 1341 1119 1399 regno
1135 1325 1275 1396 collecti,

390 1441 550 1517 opimiora
566 1441 606 1500 ad
620 1440 857 1502 conciliandam
874 1455 986 1516 pacem
1001 1455 1021 1499 a
1039 1439 1132 1500 vobis
1146 1440 1277 1514 regibus

391 1558 600 1633 extorquent,
625 1571 721 1632 quam
748 1556 775 1614 si
806 1556 886 1630 ipsis
910 1555 1101 1628 obseouium
1137 1558 1169 1616 et
1197 1557 1278 1619 fides

393 1673 577 1732 mansisset.
593 1671 711 1732 Vestro
739 1672 868 1730 interim
890 1687 982 1742 auro,
1007 1673 1191 1748 vestrisque
1218 1649 1279 1734 sti·

393 1783 517 1860 pendiis
535 1779 617 1860 (quis
637 1783 769 1862 serati),
797 1784 938 1844 militant
957 1784 1044 1844 acies
1067 1800 1148 1859 quas
1165 1784 1198 1843 in
1219 1799 1278 1844 vos

392 1898 547 1959 educunt.
566 1898 695 1959 AErario
708 1902 817 1961 vestro
833 1899 957 1978 feroces
978 1901 1034 1960 aut
1049 1900 1207 1960 rationem
1219 1899 1278 1959 im-.

396 2013 476 2087 perii
502 2013 720 2088 deposcuuta
745 2013 847 2084 vobis,
878 2015 934 2074 aut
963 2014 1122 2087 regnandi
1148 2014 1277 2074 modum

397 2123 622 2197 praescribunt.
641 2124 721 2197 Quid
736 2126 851 2200 deinde
862 2128 879 2187 l
891 2128 1005 2188 Emitis
1021 2142 1144 2203 pacem,
1159 2143 1253 2201 reges
1268 2145 1275 2187 ε

396 2237 445 2296 his
474 2239 606 2314 prodest
639 2241 862 2314 peccavisse„
892 2242 1019 2316 Majora
1045 2245 1120 2302 sum
1142 2241 1278 2302 uulnera

381 2345 509 2428 ¹quihus
529 2354 655 2415 viscera
677 2358 791 2432 patriae
806 2357 974 2420 lancinant
1000 2359 1046 2418 illi
1070 2375 1187 2418 mores.
1214 2359 1278 2418 Ro·

396 2470 458 2531 hur
480 2471 565 2530 enim
593 2474 745 2533 maximae
764 2474 880 2547 gentis,
901 2475 1013 2545 otoni,
1030 2473 1142 2534 siliceo
1170 2473 1279 2532 absint

397 2584 612 2659 incommoda,
644 2587 732 2647 nulla
755 2604 819 2648 non
837 2588 983 2656 cesserit,
1000 2587 1053 2648 hio
1073 2587 1226 2646 assiduus
1246 2587 1278 2646 et
1380 2663 1388 2673 .

396 2700 551 2776 pestilens
564 2703 681 2760 ventus
696 2701 820 2776 affligit.
838 2702 980 2761 Pereunt
994 2700 1127 2760 urbanae
1150 2701 1182 2760 et
1207 2714 1278 2757 rus·

396 2817 564 2892 ticaeopeS,
578 2833 783 2892 quoscunque
794 2816 978 2892 provincias
995 2815 1089 2876 turbo
1105 2813 1276 2874 afflaverit.

397 2930 608 2991 Consumitur
636 2932 775 3006 impetus
797 2933 996 3002 animorum,
1024 2933 1057 2990 et
1083 2929 1278 3005 prudentum

397 3060 477 3120 quos
494 3045 611 3103 multos
632 3045 788 3104 hahemus
812 3045 956 3113 solertia,
975 3045 1072 3119 digna
1087 3043 1158 3103 orbi
1173 3041 1278 3102 im'mi-

396 3175 485 3230 nere,
503 3161 553 3222 his
568 3162 655 3221 domi
670 3147 824 3238 pacandis
849 3164 915 3223 tota
939 3163 995 3222 vix
1021 3161 1149 3222 sufficit.
1178 3161 1278 3222 Insti-

394 3277 530 3336 tuuntur
544 3277 703 3352 praeterea
717 3276 818 3336 animi
839 3269 1022 3350 juventutis
1038 3274 1078 3334 ad
1107 3274 1278 3334 audaciam

397 3395 428 3454 et
443 3395 661 3469 contemptum
677 3393 868 3469 majestatie,
891 3391 1122 3466 infandamque
1138 3389 1278 3450 dulcedi·

319 3575 322 3579 .
396 3520 472 3564 nem
491 3504 567 3565 belli
581 3505 697 3578 civilis,
713 3507 747 3565 in
767 3521 830 3582 quo
847 3506 939 3566 suror
952 3513 982 3566 el
995 3505 1135 3565 aviditas
1154 3503 1278 3564 subitas

395 3633 520 3694 pugnas
544 3621 575 3679 et
587 3621 760 3694 praesentia
771 3622 903 3695 praemia
915 3619 1022 3680 habet.
1038 3617 1087 3678 lta
1101 3617 1277 3679 domestico
