3048 5046
416 656 447 706 lo
495 695 497 700 ,
631 666 672 706 bu
692 666 886 727 J.nnucna11
908 667 1073 708 suession

414 795 526 854 oeulis.
543 794 730 853 Traduntur
744 809 762 852 a
778 795 903 854 maritis
921 809 1051 861 uxores,
1067 809 1187 853 venum
1213 799 1292 854 cunt

414 908 484 983 ipsa
503 907 696 979 sacerdotia,
719 907 889 983 aerariique
905 907 1025 983 publici
1053 907 1202 967 custodes
1219 924 1291 984 pre-

412 1023 457 1082 tio
467 1023 812 1098 corrumpuntur,dum
823 1022 1004 1082 litterarum
1017 1022 1293 1082 studiosissimum

411 1154 569 1214 quemque
587 1153 682 1197 nemo
697 1139 801 1198 curat.
820 1137 941 1197 lterum
957 1140 1053 1214 atque
1076 1139 1193 1198 iterum
1209 1140 1295 1200 reci-

334 1223 338 1232 !
413 1254 512 1313 iatam
531 1253 727 1312 cantilenam
745 1253 806 1312 lroc
833 1267 904 1312 esse
925 1252 1011 1312 baud
1034 1252 1216 1323 abnuerim,
1235 1254 1291 1313 sed

313 1398 320 1410 ·
412 1366 493 1427 adeo
509 1367 649 1426 vividam
663 1366 832 1427 Barclaius
850 1367 1022 1440 imaginem
1047 1367 1221 1426 delineavit
1243 1369 1290 1437 ut,

412 1495 484 1554 quaa
503 1482 559 1541 aut
570 1481 637 1556 ipso
653 1480 771 1541 viderit
786 1483 842 1540 aut
861 1481 1011 1553 audierit,
1028 1496 1166 1541 narrare
1181 1482 1293 1542 videa·
1328 1484 1334 1496 '

413 1600 477 1670 tur,
499 1596 566 1655 sive
582 1595 783 1671 Olympionis
797 1594 985 1672 Casinaeque
998 1597 1190 1672 probrosum
1215 1612 1292 1657 con-

414 1710 546 1770 nubium
573 1711 753 1779 cavilletur,
779 1712 847 1771 sivo
883 1714 1057 1772 nocturnos
1088 1715 1293 1787 grassatores

412 1805 685 1900 Euqrhormionem
710 1841 727 1884 e
756 1827 926 1900 pervigilio
949 1843 1022 1886 cum
1050 1827 1215 1888 sodalibus
1242 1843 1292 1886 re·

412 1939 564 1998 deuntem
595 1939 787 2000 invadentes
815 1941 958 2002 inducat.
990 1941 1080 2013 Quod
1110 1943 1226 2002 attinet
1250 1943 1291 2001 ad

411 2054 662 2131 Euphormionis
678 2056 867 2133 feminaeque
887 2057 1002 2117 nobilis
1018 2058 1187 2133 cujusdam
1206 2051 1293 2117 amo·

410 2183 475 2240 res
491 2168 632 2228 simulati
655 2169 731 2242 sint,
758 2185 871 2240 necne,
889 2172 977 2232 baud
993 2172 1288 2248 pronuntiaverim

317 2281 320 2287 '
411 2282 577 2356 ingenium
604 2283 694 2342 certe
715 2281 858 2343 Barclaii
877 2285 917 2344 ad
941 2302 1049 2347 mores
1069 2287 1290 2362 depingendos

411 2396 578 2465 idoneum,
593 2400 763 2475 artemque
790 2386 964 2460 scribentis
986 2402 1224 2465 demonstrant.
1258 2405 1292 2465 Si

413 2511 466 2572 c'ui
480 2511 710 2573 Barclaianum
724 2529 860 2574 acumen
872 2531 937 2576 non
950 2517 1030 2576 satis
1042 2519 1092 2578 est
1106 2487 1289 2594 probatum,

385 2619 684 2701 ‘Euphormionem
712 2629 884 2689 comitetur
920 2632 951 2690 et
981 2627 1223 2693 sollicitantium
1256 2635 1289 2692 in

411 2743 493 2802 atrio
509 2741 672 2804 Doromisi
688 2742 848 2822 <quisquis
862 2745 924 2805 lroc
947 2747 1075 2806 nomine
1091 2745 1288 2825 designetur)

412 2858 514 2919 turbae
529 2876 600 2920 sese
612 2861 769 2922 misceat:
821 2901 823 2904 -

451 2996 464 3026 a
488 2974 622 3034 Plurimi
644 2991 768 3035 mecum
796 2977 831 3034 in
859 2977 943 3036 atrio
960 2979 1063 3048 erant,
1080 2982 1112 3038 et
1136 2978 1286 3040 Doromi-

408 3095 479 3138 sum
507 3095 580 3138 oum
603 3079 756 3140 libellulis
780 3082 1006 3156 expectabant.
1026 3131 1032 3142 .
1051 3130 1057 3143 .
1075 3088 1106 3142 ’..
1139 3083 1181 3143 Ut
1209 3099 1288 3146 vero

407 3209 477 3252 sum
495 3193 527 3252 in
553 3193 710 3254 interiora
728 3196 915 3270 perductus,
935 3199 1044 3258 omnia
1068 3215 1148 3260 auro
1176 3215 1289 3273 argen-

405 3309 502 3383 toque
521 3307 683 3369 vihrantia
712 3311 876 3371 insolitam
900 3312 1005 3372 aciem
1025 3313 1167 3376 soiellere
1191 3331 1197 3372 :
1220 3329 1288 3375 ma-

404 3423 507 3496 jestas
530 3423 647 3484 deinde
671 3424 829 3497 locorum,
854 3430 887 3504 et
905 3429 1033 3487 animus
1055 3445 1112 3503 spe
1137 3433 1288 3506 metuque

408 3539 632 3620 perturbatus
671 3541 820 3617 quicquid
847 3541 1027 3617 prudentiae
1060 3559 1286 3622 conceperam,

410 3657 442 3712 et
471 3655 580 3726 verba,
605 3657 720 3731 quibus
749 3659 787 3718 ad
815 3659 1019 3722 Doromisum
1047 3661 1288 3724 destinaveram
