3062 5048
392 657 427 714 to
607 666 648 710 nu
673 667 697 713 l.
723 665 869 711 unatrita
896 667 1061 712 ,inunumn

393 802 457 860 illis
478 815 589 876 paoem
606 816 710 876 neque
729 801 848 860 bellum
866 801 1056 875 simpliciter
1078 803 1163 862 tiolo.
1191 803 1275 864 Nam

393 917 417 976 si
435 917 573 992 quietem
589 918 723 992 possunt
746 916 821 990 pati.
850 932 912 974 non
936 916 994 976 llos
1014 920 1091 992 puto
1114 918 1188 979 ullis
1205 903 1277 981 moss

391 1032 477 1093 tibus
511 1032 739 1092 sollicitandos.
771 1031 828 1092 Sin
856 1033 888 1090 in
921 1049 1030 1107 regem
1061 1049 1194 1112 remque
1216 1055 1276 1114 pu·

390 1149 509 1208 blicam
529 1149 690 1210 seditiosis
716 1151 859 1210 consiliis
883 1152 998 1226 sponte
1029 1152 1244 1226 insurgenti
1263 1177 1277 1192 ·

389 1263 507 1324 rendos
522 1280 586 1323 non
597 1264 753 1336 arbitrum
769 1264 824 1325 sed
840 1264 872 1323 vi
884 1265 1047 1340 armisque
1062 1267 1274 1341 premendam

393 1381 557 1440 vesaniam
593 1379 729 1456 superbe
758 1379 942 1440 furentium.
979 1380 1036 1438 Pia
1066 1383 1143 1441 tuno
1170 1398 1274 1454 arma,

394 1501 471 1559 tuno
487 1499 574 1558 omni
598 1498 692 1557 laude
716 1498 812 1570 digna
839 1498 871 1556 in
901 1513 957 1557 eos
984 1499 1155 1559 severitas.
1186 1495 1277 1560 Totis

394 1616 487 1688 regni
523 1615 646 1674 uiribus
680 1613 865 1674 enitendum
896 1628 936 1672 ne
969 1613 1101 1689 impune
1126 1616 1278 1676 aul'erant

395 1731 602 1792 abominandi
623 1732 656 1789 in
677 1747 769 1804 reges
795 1728 935 1802 ‹ixempli
964 1728 1147 1788 audaciam.
1178 1729 1218 1790 Et
1240 1745 1280 1791 eo

395 1848 523 1922 quidem
552 1846 690 1906 celerius
717 1841 947 1904 vindica-ndum
971 1839 1021 1902 est
1047 1821 1184 1917 lacinus
1215 1863 1280 1921 quo

396 1965 455 2041 ipsi
486 1962 625 2022 ferocius
640 1961 745 2020 solent
767 1959 912 2034 grassari
933 1961 1186 2036 inconstantes
1203 1979 1280 2023 nos·

393 2061 544 2152 ¹iramque
571 2075 759 2150 patientiam
789 2091 847 2150 pro
883 2074 1105 2135 imbecillitate
1137 2078 1282 2138 oontem-

397 2195 475 2270 ptim
520 2192 681 2266 acciperet
717 2191 826 2266 Neque
864 2193 948 2252 enim
984 2191 1053 2287 liaeo
1091 2195 1190 2265 secta,
1231 2193 1282 2253 le-

395 2308 515 2378 rendo,
551 2308 735 2382 parendore
768 2305 826 2381 (ut
860 2308 965 2369 solent
1001 2309 1150 2368 meliores
1187 2309 1283 2370 disci·

396 2422 503 2502 plinae)
534 2424 649 2500 quaerit
665 2423 725 2482 sihi
745 2424 959 2496 incrementa;
978 2426 1032 2484 sed
1055 2427 1177 2500 jurgio,
1192 2425 1285 2504 rixa„

396 2543 546 2609 tumultu,
584 2557 643 2602 sua
673 2541 818 2602 l'aoinora
848 2540 991 2600 assuevit
1016 2554 1177 2601 asserere.
1205 2540 1280 2602 Fer-

396 2674 433 2722 ro
464 2662 574 2736 igitur,
598 2662 631 2720 et
658 2660 827 2735 plusquam
858 2655 974 2716 aemula
1003 2653 1186 2725 ferocitate,
1207 2672 1283 2715 oen.

382 2792 455 2836 ¹seo
480 2778 511 2836 in
538 2793 593 2836 eos
615 2791 686 2836 esse
713 2775 888 2850 agendum,
906 2775 1031 2850 quoties
1056 2776 1123 2834 suis
1152 2774 1283 2850 injuriis

399 2892 519 2966 Regem
532 2907 571 2950 ao
587 2892 730 2951 Patriam
749 2892 921 2952 lacessent.
949 2894 988 2951 At
1012 2893 1038 2951 si
1055 2892 1280 2954 seditionibus·

397 3007 424 3064 si
457 3006 590 3066 rebellio
611 3006 832 3076 abstinebunt,
861 3009 1089 3082 patianturque
1115 3009 1225 3068 mitius
1247 3024 1283 3066 se

396 3121 522 3192 haberi,
551 3124 628 3182 tune
661 3138 810 3195 egenum
837 3123 900 3182 illis
929 3139 1042 3200 paoem
1063 3125 1185 3184 malim.
1206 3123 1281 3183 iam

396 3238 481 3297 enim
498 3239 530 3296 in
547 3238 655 3312 plures
679 3239 779 3314 serpit
796 3239 883 3300 labes
905 3256 1001 3316 quam
1013 3244 1049 3301 ut
1062 3241 1180 3316 singuli
1196 3243 1282 3302 iuter

396 3368 469 3413 reos
480 3351 575 3413 soriti
589 3353 723 3428 possint,
734 3358 766 3415 et
781 3356 874 3416 uitari
888 3373 905 3416 a
921 3357 1046 3417 liotore.
1064 3359 1108 3417 Ao
1123 3360 1280 3432 praeterea

394 3466 564 3539 juventute
591 3464 734 3527 abundat
760 3467 882 3542 Smilla,
910 3488 1006 3567 quam
1038 3487 1124 3531 nuno
1151 3471 1278 3542 levitas

397 3599 482 3644 nuno
511 3589 650 3659 egestas,
681 3602 764 3646 nunc
790 3589 858 3663 ipsa
893 3604 1057 3649 armorum
1087 3587 1201 3664 oupido
1232 3589 1279 3647 sio

396 3705 515 3772 uersat,
540 3706 575 3762 ut
590 3719 654 3763 non
666 3705 741 3777 jure
752 3707 809 3764 aot
824 3705 946 3779 pudore
959 3704 1119 3778 aestimato
1134 3703 1277 3763 factiosis
