3048 5046
390 608 424 676 pi
509 606 513 614 '
608 620 648 660 nn
668 622 690 660 J.
713 619 862 662 uuncrnrr
883 619 1047 661 nnonnrnu

389 769 449 813 neo
465 753 600 812 muitum
615 752 707 812 abest
718 753 794 827 quin
816 751 946 811 credam
968 751 1068 821 illurn,
1084 768 1183 827 quum
1199 767 1264 812 sea

389 867 523 938 deuotio,
539 867 710 928 libidinoso
723 866 897 941 mobilique
911 868 1056 942 principe
1068 867 1265 941 neglectum,

391 983 442 1044 rel
458 983 592 1043 nrinoris
607 999 702 1058 quarn
715 986 947 1057 aequumesset,
964 985 1161 1042 aestimatum
1177 984 1269 1042 arbi-

392 1102 557 1167 traretur,
589 1098 731 1158 abeundi
766 1097 936 1157 oonsiliurn
971 1099 1094 1158 iniisse.
1137 1100 1269 1159 Minime

391 1230 470 1274 uero
486 1214 628 1274 absurda
649 1227 686 1272 ea
707 1214 785 1272 mihi
801 1214 929 1273 videtur
949 1214 1177 1289 interpretatio
1198 1233 1270 1277 oar-

392 1309 477 1400 1nen'
505 1329 663 1405 quoddam
689 1329 817 1401 tegenti,
842 1329 963 1408 incerto
984 1333 1129 1405 tempore
1155 1332 1272 1392 aBar-

393 1447 487 1515 uiaio,
504 1445 578 1504 dum
595 1445 627 1502 in
648 1443 816 1504 Britannia
830 1443 1029 1515 versaretur,
1049 1447 1225 1521 conditum,
1237 1449 1271 1508 in

393 1580 468 1638 qun,
483 1565 557 1622 tioto
581 1562 640 1622 sub
670 1562 801 1620 nornine
825 1560 1017 1635 Cor·ydoniS‚
1043 1566 1138 1637 poeta
1151 1569 1272 1626 sortem

393 1696 484 1741 suani
504 1681 722 1739 larnentatnr:

485 1881 491 1900 ¹
512 1862 594 1910 'l'ertia
608 1867 659 1926 J'am
672 1861 748 1910 siivas
764 1861 855 1910 velerit
874 1862 1001 1913 frondibus
1020 1873 1093 1920 estas

481 1942 514 1991 Et
527 1943 602 1990 toties
614 1941 686 1990 nudis
701 1942 824 1990 redierunt
842 1942 934 2007 frigora
953 1947 1056 2011 campis.

480 2023 520 2072 Ex
534 2038 582 2087 quo
599 2023 683 2076 tristis.
699 2023 777 2084 inops,
791 2031 876 2072 sancta
895 2023 946 2073 haec
965 2024 1051 2090 ulteria
1065 2027 1157 2074 circum

481 2103 514 2151 Et
527 2112 557 2160 te,
571 2102 662 2150 Phoebe
673 2117 772 2167 parens,
784 2111 808 2150 et
818 2119 913 2169 meper
925 2113 980 2152 vota
993 2104 1079 2170 fatigo

481 2287 548 2350 Quid
564 2282 687 2336 iacerem?
708 2287 840 2338 Possemne
855 2290 902 2336 tuis
922 2289 1046 2338 discedere
1063 2290 1182 2355 templis?

481 2368 503 2418 0
518 2360 600 2417 dolori
618 2367 649 2416 ad
660 2369 758 2432 patrius
769 2385 897 2419 remearem
906 2370 1025 2434 inglorius
1034 2371 1114 2422 oras?

481 2448 605 2512 Quicquid
620 2449 644 2496 in
665 2448 710 2498 hus
724 2463 818 2498 rnecum
833 2452 888 2497 vexi
903 2459 972 2498 trano
990 2450 1077 2499 corula
1089 2452 1155 2500 sodor

480 2527 595 2592 Corrupit
603 2534 653 2592 jam
668 2529 742 2591 longa
755 2530 807 2578 dies
815 2562 1251 2580 .............

479 2716 546 2777 Quid
561 2717 621 2766 mihi
633 2717 698 2782 quod
715 2725 764 2766 toto
775 2717 843 2766 luces
857 2717 1038 2783 pulcherrimus
1060 2718 1129 2778 orbe,

465 2796 600 2862 'Quodque
615 2797 682 2861 regis
695 2814 788 2860 musas,
805 2809 832 2846 ru
845 2799 920 2848 musis
935 2798 1028 2848 doctior
1042 2800 1102 2862 r'pse.

478 2875 504 2924 Si
519 2876 577 2925 miti
596 2892 637 2925 nec
657 2878 728 2934 luceo,
746 2893 791 2925 nec
805 2893 871 2925 umas
884 2892 937 2925 mea
951 2879 1067 2937 carmina,
1083 2877 1197 2926 Phoebe‘?

477 2956 552 3004 dusta
566 2971 652 3020 queror
657 2987 1249 3007 .................

479 3034 574 3091 Audiit,
591 3049 652 3100 eque
669 3035 722 3082 suis
737 3033 845 3082 Phoebus
863 3043 930 3098 puter
946 3038 1030 3084 annuit
1045 3039 1122 3084 antris
1137 3031 1154 3085 ἱ.
1172 3056 1178 3074 ·

431 3211 508 3284 Quis
535 3214 643 3271 autern
667 3212 720 3270 ille
748 3212 889 3273 Phoebus
911 3216 963 3286 sit,
985 3219 1094 3278 Musis
1128 3217 1270 3289 doctior,

389 3329 501 3405 quisve
530 3327 678 3404 Corydon
703 3330 770 3404 ipso
793 3331 890 3392 trotio
911 3337 1040 3394 ocoruio
1061 3306 1185 3408 v'ootuS,
1204 3353 1269 3396 non
1289 3388 1295 3401 .

428 3567 433 3596 ¹
458 3575 486 3622 J.
516 3575 641 3624 Bnnonnrr
669 3574 808 3625 Poenorum
825 3577 877 3628 iibri
901 3578 957 3634 duo,
984 3577 1096 3628 Londini.
1127 3574 1271 3632 Excudehnt

390 3643 530 3694 Edwardns
546 3645 646 3706 Griisrn,
663 3662 730 3697 unno
748 3652 810 3696 1615.
