3048 5046
408 653 443 704 at
623 663 664 704 ou
684 662 708 704 r.
729 640 881 704 assensit
907 660 1073 704 Anaunion

408 807 585 860 carcerem,
601 789 797 851 niveneiieii
813 789 953 850 convicti
976 788 1093 850 idoneo
1116 781 1306 865 supplicio,i

409 909 514 969 cicuta
539 907 672 979 seilicet,
694 907 944 968 conficerentur.
955 905 1032 978 ,Qua
1047 920 1083 964 re
1107 904 1224 964 iterum
1246 902 1287 964 ad

410 1035 502 1084 arma
528 1024 686 1100 impulsus
718 1023 915 1098 Lycogenes,
946 1023 1081 1097 jamque
1092 1023 1169 1096 jura
1196 1011 1287 1094 regni

411 1143 508 1216 atque
525 1140 665 1214 insignia
689 1154 864 1217 usurpans,
880 1139 1007 1198 Ennam
1027 1137 1195 1198 obsidione
1216 1135 1288 1195 sati-

410 1257 517 1331 gatam
534 1256 620 1331 eaptt
639 1257 671 1316 et
684 1255 924 1330 triumphantes
937 1252 1047 1330 copias
1066 1252 1143 1312 totis
1164 1251 1287 1328 eampis

409 1368 555 1432 effundit.
571 1371 610 1432 Et
622 1373 691 1446 jam
710 1371 742 1430 in
769 1385 808 1430 eo
830 1369 901 1428 erat
919 1366 1108 1428 Meleander
1122 1368 1157 1426 ut
1171 1365 1211 1426 ad
1226 1381 1288 1426 an-

386 1565 394 1580 .
406 1449 762 1562 gustia'sreuueeretur‚
773 1501 871 1562 quum
882 1483 1121 1544 Radirohanem
1130 1481 1288 1543 Sardiniae

407 1596 1288 1680 BalearinmqueregemantiquohospitiijureSiciliae
1364 1623 1368 1630 ·

407 1691 759 1798 regibusoonJunetum
770 1733 842 1778 oum
853 1717 957 1778 olasse
968 1715 1163 1790 auxiliisque
1174 1713 1288 1772 adesse

339 1811 345 1824 ’
408 1836 589 1897 nuntiatur.
612 1833 711 1908 Cujus
732 1833 873 1893 adventu
897 1831 973 1891 dum
987 1829 1086 1891 Siculi
1112 1830 1234 1888 metum
1255 1828 1287 1886 in

407 1964 497 2023 spem
508 1947 649 2017 vertunt,
661 1945 1289 2024 Lyoogenisqueexereituspavoreper-

410 2063 483 2123 oeiii
493 2063 606 2138 incipit
616 2062 788 2123 rebellium
799 2063 937 2137 animoa,
949 2077 1009 2122 neo
1020 2059 1154 2126 frustra,
1172 2056 1289 2118 solliei-

410 2182 459 2238 tat
488 2178 684 2238 Meleander.
704 2178 786 2250 Quin
815 2179 912 2238 etiam
927 2176 1149 2238 felicissimum
1166 2171 1287 2248 aliquid

411 2295 451 2353 de
474 2291 606 2362 Catane,
631 2292 672 2352 ab
697 2293 942 2352 Anaximandro
966 2289 1146 2368 Lyoogenis
1173 2290 1289 2364 nepote

409 2407 554 2477 obsessa,
572 2408 736 2467 narratur.
757 2405 878 2482 Nempe
905 2407 1000 2466 AEma
1018 2405 1124 2465 subito
1147 2406 1289 2464 aestuans

409 2525 520 2599 igneos
532 2525 620 2584 rivos
633 2527 832 2595 evomuerat,
847 2528 888 2589 et.
902 2525 994 2600 quasi
1009 2522 1287 2598 conducamus,

409 2640 443 2698 in
463 2637 702 2698 Anaximandri
726 2639 835 2697 eastra
850 2637 1001 2698 finxerat.
1019 2635 1111 2696 Unus
1133 2638 1241 2697 autem
1256 2637 1288 2695 in

409 2753 574 2812 communi
589 2752 707 2826 gaudio
719 2767 859 2814 moerens
880 2752 1289 2822 Arohomhrotustertium

409 2869 560 2927 aemulum
575 2869 813 2930 Radirohanem
827 2869 986 2930 oriturum
1003 2867 1207 2946 praesagibat.

449 2984 599 3043 Attamen
611 2983 807 3058 Lyeogenes,
816 2987 968 3059 proveeta
978 2987 1085 3051 noete,
1098 2983 1226 3057 agmine
1237 2983 1289 3043 hi-

410 3095 530 3171 partito
552 3095 729 3156 Meleandri
745 3097 901 3158 stationes
921 3097 1055 3158 adortus
1070 3100 1150 3158 erat.
1173 3097 1290 3173 ingens

411 3210 593 3268 conseritur
608 3197 754 3284 praeiium
778 3213 811 3270 in
839 3227 901 3291 quo
929 3212 1196 3284 Arehombrotus
1219 3213 1291 3273 Me-

410 3324 533 3385 leandri
549 3327 717 3401 postquam
735 3327 885 3388 induerat
911 3297 1063 3402 insignia,
1080 3343 1143 3404 qua
1163 3343 1290 3417 pugna—

408 3443 464 3502 bat
498 3441 683 3516 Lycopenes
718 3443 811 3505 avide
847 3445 913 3506 ruit
941 3443 1112 3521 subitoque
1138 3447 1290 3524 amplexu

409 3558 543 3632 ligatum
555 3576 627 3620 eum
642 3561 760 3620 sternit
774 3561 864 3620 humi
883 3559 1038 3639 brevique
1055 3561 1194 3636 pugione
1208 3577 1290 3622 exa-

410 3672 522 3733 nimat.
550 3673 746 3750 Triumphus
773 3675 940 3748 agitaret
971 3673 1158 3736 Meleander
1192 3675 1289 3734 urbes
