3062 5048
425 646 459 700 ll
639 659 682 700 nn
699 660 725 699 J.
748 659 896 702 pascnan
916 661 1084 703 ,lncnsmn

424 788 466 846 iis
487 789 639 848 assentiri
656 791 774 863 poterit
788 790 843 865 qui
863 783 989 849 labulas
1003 792 1129 849 tantum
1153 791 1194 848 ad
1210 807 1309 851 exac-

425 906 493 962 tam
512 903 657 963 bistoriae
670 904 764 970 iidem
779 919 896 977 cogere
910 905 1018 964 conati
1035 909 1124 964 sunt.

466 1019 539 1081 Non
553 1019 723 1080 abnuerim
744 1021 852 1080 tamen
876 1021 1077 1096 praecipumn
1098 1022 1130 1079 id
1156 1020 1306 1080 Barclaio

427 1135 528 1193 luisse
542 1137 588 1203 ut,
605 1133 665 1192 suh
680 1133 862 1193 fabularum
872 1133 1089 1208 jncunditate‚
1105 1132 1181 1209 quill
1196 1133 1235 1192 de
1250 1149 1307 1208 po-

427 1248 524 1308 liticis
544 1247 641 1307 rebus
656 1249 793 1308 sentiret
814 1264 989 1324 exponere,
1006 1251 1038 1308 et
1059 1248 1215 1325 quasdam
1236 1263 1308 1306 cer-

427 1366 535 1422 torum
553 1362 720 1421 hominum
742 1362 888 1422 actiones
903 1362 1123 1438 historiasque
1139 1361 1307 1422 nominum

427 1494 560 1539 suorum
576 1478 761 1538 simulacris
773 1483 885 1554 aptare
902 1482 1053 1540 tentaret.
1069 1479 1131 1540 Sed
1147 1479 1231 1539 siout
1242 1495 1309 1539 non

427 1593 560 1653 dubium
575 1596 625 1654 est
645 1595 724 1670 quin
740 1594 847 1654 (luisti
868 1599 1116 1672 ceterorumque
1137 1611 1179 1654 ex
1193 1595 1310 1655 Lotlra-

427 1710 553 1784 ringica
581 1710 705 1769 l'amilia
730 1710 913 1786 principum
945 1711 1090 1782 ambitio,
1113 1712 1307 1788 Lycogenis,
1383 1774 1387 1780 ,

428 1825 658 1900 Oloodemique
682 1830 715 1885 et
734 1824 916 1886 Eristlrenis
929 1826 1077 1900 personis
1091 1821 1307 1902 exprimatur,

430 1940 610 2016 Galliaeque
625 1942 729 2001 status
740 1939 799 2000 sub
815 1939 934 2000 Siciliae
949 1942 1080 2002 nomine
1095 1942 1307 2016 significetur,

429 2056 475 2116 ita
490 2055 695 2130 manifestum
710 2059 760 2117 est
775 2057 808 2115 in
825 2031 996 2132 Lycoge‘ne
1021 2073 1087 2117 non
1107 2057 1202 2119 modo
1229 2057 1309 2117 Gui-

431 2171 526 2242 sium,
539 2171 595 2230 sed
608 2173 1057 2248 etimperandicupiditatem‚
1068 2174 1309 2251 lactionumque

429 2287 533 2345 malas
548 2288 635 2346 artes
655 2287 813 2360 exbiberi,
835 2290 1001 2366 multaque
1021 2292 1055 2350 in
1080 2291 1239 2352 Gallicum
1254 2307 1310 2352 re-

430 2421 527 2480 gnum
544 2405 661 2466 cadere
677 2423 741 2466 non
756 2423 851 2482 posse
877 2409 999 2484 quaeda
1014 2407 1125 2498 Sicilia
1145 2411 1308 2471 dicuntur.

430 2519 636 2593 Quinetiam
662 2521 782 2582 infitias
807 2522 856 2582 ire
877 2538 972 2583 nemo
995 2524 1099 2599 potest
1120 2525 1311 2584 certissimis

430 2635 523 2697 lactis
546 2629 796 2713 nominibusque
816 2638 993 2714 saepissime
1023 2639 1207 2698 Barclaium
1227 2640 1311 2699 allu-

430 2754 523 2814 sisse.
533 2751 745 2831 Perspicuum
757 2754 845 2812 enim
860 2755 909 2813 est
919 2756 1139 2828 nrerpantom
1152 2771 1210 2830 pro
1226 2755 1309 2814 Ger-

430 2867 550 2937 mania,
589 2871 786 2929 astronom
819 2884 878 2942 pro
910 2866 1056 2941 Calvino,
1084 2871 1310 2930 Ibbztrronem

430 2998 490 3057 pro
505 2981 695 3052 Barberin0‚
708 2979 820 3042 eodem
833 2984 1007 3042 verborum
1019 2984 1200 3052 involucro,
1219 3001 1310 3044 usur-

429 3096 511 3171 pari.
522 3093 686 3174 Inopem
705 3098 906 3170 corruptum
919 3097 1116 3157 (lonclrinum
1132 3099 1311 3158 Anchoria-

430 3214 543 3272 tanum
567 3211 792 3270 Marcbionem
811 3227 884 3270 cum
908 3227 1009 3272 uxore
1028 3211 1189 3273 Eleonora
1214 3213 1312 3273 Galli-

431 3327 524 3400 gaiae‚
538 3326 571 3385 in
584 3323 864 3401 Pbrppitsautem
878 3326 1053 3388 Somerseti
1061 3325 1217 3388 Comitem
1230 3344 1312 3388 uxo·

432 3457 565 3520 remque
583 3442 720 3503 libenter
734 3457 884 3516 agnosco.
896 3443 963 3504 Nec
976 3444 1255 3505 calviniasseclas
1269 3461 1312 3504 ex

431 3563 711 3638 Hyperepnauns
733 3559 869 3636 intelligi
897 3549 1104 3636 negaverim,
1130 3562 1205 3623 licet
1233 3562 1309 3638 quid

431 3676 493 3736 hoc
508 3677 638 3737 nomine
650 3678 684 3737 in
700 3677 772 3737 illos
792 3678 948 3739 illudatur
961 3695 1026 3740 non
1047 3681 1126 3740 satis
1142 3665 1307 3756 appareat,
