3062 5048
387 672 421 728 90
604 675 645 720 nu
663 674 688 719 t.
709 677 859 722 annuisti
879 677 1046 723 assumas

387 805 590 887 principium,
614 823 752 884 quarum
774 811 800 868 si
822 809 983 884 colloquia
1002 809 1177 882 diligenter
1193 823 1267 882 per-

388 923 552 986 censuerit
560 922 692 998 aliquis,
708 938 746 980 ne
762 923 921 1004 colloquia
935 922 1074 999 quidem,
1090 923 1146 982 sed
1162 924 1267 996 magis

389 1040 534 1100 excultas
550 1041 725 1108 orationes,
738 1040 932 1114 easdemque
945 1039 1077 1098 minime
1090 1035 1267 1096 muliebres

389 1171 460 1216 esse
481 1154 704 1214 arbitrabitur.
728 1153 773 1214 De
798 1153 894 1214 rebus
911 1152 1062 1228 publicis,
1084 1152 1123 1212 de
1150 1151 1267 1211 aulicis

389 1270 514 1331 artibus
529 1271 649 1330 diserte
662 1270 847 1346 disputatur
861 1270 902 1328 ab
926 1269 1008 1340 iiiis3
1032 1268 1168 1329 affectus
1188 1283 1267 1326 vero

390 1387 515 1455 animi,
548 1371 611 1446 nisi
627 1386 781 1462 lacrymis
810 1385 995 1459 significare
1022 1400 1088 1444 non
1120 1387 1265 1460 possunt.

390 1499 521 1562 Cunctis
536 1516 649 1560 earum
666 1500 870 1560 sermonibus
892 1515 975 1560 unus
998 1501 1030 1558 et
1051 1499 1137 1558 idem
1160 1500 1266 1568 tenor,

390 1618 426 1678 ut
446 1631 531 1692 aegre
556 1631 576 1675 a
602 1616 738 1690 virgine·
752 1617 902 1692 loquente
919 1618 1081 1684 matrona,
1108 1630 1127 1674 a
1155 1615 1268 1688 regina

367 1731 502 1812 ,nutrix
526 1730 744 1791 discernatur.
767 1730 839 1792 Nou
856 1732 903 1790 ita
923 1729 1066 1806 profecto
1088 1728 1268 1806 loqueban-

392 1850 446 1907 tur
460 1846 585 1907 nobiles
604 1847 667 1908 illae
687 1845 824 1918 seniinae,
842 1863 913 1924 quae
930 1862 1016 1906 nunc
1032 1845 1138 1904 adbuc
1157 1845 1268 1904 rivere

391 1965 425 2023 et
440 1964 565 2040 spirare
579 1963 743 2033 videntur,
761 1964 828 2024 sive
843 1964 877 2022 in
892 1961 1076 2031 annalibus,
1094 1962 1162 2022 sire
1181 1961 1266 2021 fictis

392 2075 425 2134 in
441 2077 683 2137 narrationibus
699 2093 813 2154 quasa
839 2078 1028 2138 mulieribus
1043 2092 1168 2152 quoque
1184 2093 1270 2136 oom-

393 2191 514 2268 positas
525 2190 718 2268 accepimus.
732 2192 860 2254 Scilicet
875 2192 965 2252 libris
974 2191 1270 2267 controversiisque

393 2305 541 2366 civilibus
564 2306 639 2366 dum
662 2322 791 2366 omnem
810 2323 922 2368 curam
944 2308 1172 2384 impendisset,
1190 2323 1271 2368 nun-

393 2435 489 2498 quam
509 2401 636 2482 tantum
648 2421 798 2484 Barclaio
813 2426 990 2484 vacaverat
1006 2426 1039 2484 ut
1054 2439 1126 2483 oum
1144 2423 1270 2483 seminis

392 2539 653 2607 conversaretur,
675 2553 851 2614 earumque
867 2538 992 2598 animos
1008 2541 1195 2614 perspectos
1209 2538 1269 2597 hu-

391 2650 495 2713 beret.
795 2627 797 2632 ⁵

431 2766 545 2828 Melius
567 2784 646 2830 sane
661 2769 757 2838 viros,
776 2773 810 2830 ut
825 2773 979 2841 notiores,
995 2771 1112 2847 lunxit,
1133 2787 1271 2847 praeser-

392 2883 449 2944 tim
467 2900 565 2959 quum
581 2901 636 2946 eos
650 2887 688 2946 de
701 2885 837 2961 publicis
849 2886 945 2946 rebus
958 2885 1154 2946 disserentes
1169 2887 1272 2946 intro·

393 3000 534 3060 duxerit.
555 3000 634 3069 Neo,
656 3003 796 3077 exempli
821 3003 937 3076 gratia,
968 3001 1175 3078 Vitiaregium
1197 3021 1271 3064 nos-

393 3117 479 3175 trum
500 3114 699 3186 aCleobulo,
717 3117 767 3176 rel
788 3116 1013 3192 Barberinum,
1031 3121 1172 3194 legatum
1187 3137 1205 3179 a
1220 3121 1272 3179 ia·
1323 3101 1325 3108 ’

393 3232 473 3296 tere,
500 3229 540 3289 ab
563 3229 743 3291 ibburrane
767 3239 1007 3313 repraesentari,
1036 3238 1114 3312 ipsis
1134 3237 1272 3297 dedeco-

393 3363 465 3408 rum
493 3348 618 3422 putrm3
646 3353 772 3408 namet
796 3351 902 3412 civilis
926 3355 1069 3415 scientiae
1097 3354 1217 3430 peritos
1240 3355 1272 3412 et

393 3465 531 3526 disertos
552 3465 699 3525 homines
729 3466 801 3526 illos
822 3469 963 3530 instituit
987 3470 1167 3530 Barciaius.
1199 3468 1272 3530 Non

393 3583 477 3657 quod
497 3585 602 3644 tamen
622 3582 707 3654 aliis,
730 3582 917 3646 Meieaudro
936 3591 969 3649 et
990 3588 1197 3650 Radirobane
1213 3604 1274 3646 ex-

394 3703 506 3777 ceptis,
526 3705 557 3761 in
570 3702 705 3763 dicendo
717 3702 854 3763 incultas
869 3703 969 3762 desit:
993 3702 1059 3762 nati
1074 3718 1188 3762 <umbos
1199 3717 1271 3762 ora-
