3062 5048
373 646 406 698 88
586 655 628 696 ou
651 656 674 696 J.
697 654 847 698 senonen
871 653 1035 704 nnonnnnc

373 785 456 844 claio
472 778 719 845 vitio'vertalur
737 787 820 863 quod
836 786 971 846 nimium
993 786 1137 861 ejusdem
1156 799 1252 859 gene-

374 902 620 961 riscommentis
632 902 814 972 indulserit,
832 904 866 962 ut
874 902 1024 978 potiusin
1034 899 1253 974 excogitando

378 1016 457 1076 satis
478 1016 591 1076 tardus
613 1017 772 1089 videatur.
801 1015 885 1076 Nam
910 1032 1075 1092 nunqnam
1092 1018 1251 1090 assurgit,

375 1133 407 1190 et
422 1147 549 1206 semper
566 1132 690 1204 eodem,
705 1132 798 1208 quasi
815 1133 847 1191 in
863 1133 1016 1206 exiguum
1031 1148 1147 1208 gyrum
1164 1147 1252 1191 corn·

377 1249 501 1324 pulsus,
516 1248 703 1308 revolvitur.
721 1247 799 1309 Inde
809 1249 845 1307 lit
860 1250 894 1307 ut
904 1249 936 1307 in
952 1248 1055 1323 prima
1065 1249 1255 1320 Arpenidis

376 1367 480 1440 *parte
497 1365 589 1422 novis
603 1361 709 1422 adbuc
722 1363 855 1429 viribus,
882 1365 913 1422 et
927 1349 1131 1439 politicarum
1144 1378 1254 1422 rerum

378 1475 545 1540 memoria‘
560 1480 703 1550 innixae,
744 1481 952 1555 praestantius
979 1480 1145 1554 ingenium
1173 1495 1256 1554 prae-

377 1595 485 1656 buerit
494 1610 591 1671 quam
606 1595 638 1653 in
652 1594 807 1666 secunda,
823 1611 894 1670 quae
908 1595 952 1654 ita
966 1593 1170 1670 perfunditur
1184 1594 1256 1653 oleo

379 1714 414 1772 ut
445 1710 632 1772 inveniendi
661 1711 788 1786 copiam
829 1711 981 1786 scriptori
1009 1728 1097 1787 saepe·
1113 1709 1258 1771 defuisse

379 1828 513 1888 diceres

420 1941 492 2001 Non
520 1943 620 2015 igitur
654 1943 716 2002 illis
739 1943 922 2003 fabularum
956 1946 1257 2006 commenticiarum

381 2061 598 2136 scriptoribus
614 2061 780 2121 Barclaius
805 2067 854 2123 est
875 2062 1141 2122 annumerandus
1157 2062 1258 2139 quiin

380 2179 552 2236 innumera
566 2177 766 2236 voluminum
782 2179 866 2238 serie
880 2179 1055 2239 feliciorem
1071 2179 1193 2252 ingenii
1207 2178 1257 2237 sui

381 2294 572 2370 proventum
590 2295 839 2366 congesserunt;
871 2309 929 2354 nec
950 2295 1087 2355 Asinaeo
1103 2293 1259 2368 magistra

380 2424 459 2466 usus
470 2409 529 2466 est.
540 2407 662 2467 Parum
678 2410 763 2468 enim
777 2412 904 2470 constat
919 2411 1028 2469 utrum
1042 2425 1082 2470 ea
1097 2399 1198 2484 opera
1211 2409 1258 2468 le-

381 2523 475 2596 gerit,
493 2539 605 2592 necne,
630 2525 747 2584 nedum
760 2541 797 2584 ea
814 2525 913 2601 inerit
925 2499 1078 2585 imitatus.
1092 2523 1157 2584 Vix
1175 2541 1261 2600 quae·
1362 2539 1370 2550 ·

382 2639 455 2698 dam
486 2656 559 2699 cnm
589 2643 743 2701 Arcadio
779 2642 918 2716 Argenis
946 2621 1130 2701 communia
1163 2639 1261 2700 habel

383 2757 530 2830 quamvis
543 2756 575 2814 in
592 2757 653 2816 hac
668 2757 871 2828 PoliarclluS,
889 2758 921 2817 in
942 2757 997 2815 illa
1012 2757 1165 2832 Pyrocles
1176 2756 1260 2816 idem
1338 2727 1342 2735 ’

383 2870 553 2930 consilium
570 2875 699 2932 struant
711 2873 867 2932 l'emlneas
878 2875 984 2933 uestes
998 2871 1114 2931 induti.
1139 2871 1259 2931 lterum

384 2987 481 3059 atque
501 2987 619 3046 iterum
646 2987 779 3046 Achillis
800 2988 906 3047 sabula
922 2989 1008 3063 apud
1033 2985 1259 3063 Lycomedem,

384 3101 509 3161 mutato
538 3103 678 3174 nomine,
704 3105 869 3162 narratur.
901 3103 968 3164 lmo
994 3120 1072 3165 vero
1093 3104 1263 3164 Barclaius

385 3231 450 3274 non
465 3217 631 3278 fabulatur
646 3223 682 3278 ut
698 3220 826 3294 ingenio
847 3237 906 3280 suo
925 3201 1101 3295 indulgeat,
1116 3235 1177 3280 nec
1190 3235 1265 3278 nar·

385 3332 548 3392 rationum
562 3349 694 3394 suarum
706 3335 866 3395 illecebris
882 3336 1010 3411 capitur
1022 3335 1261 3410 detineturque.

385 3447 496 3522 Longe
511 3451 575 3510 alia
590 3453 618 3511 ei
637 3453 798 3512 sententia
811 3457 870 3525 est,
892 3457 925 3513 et
939 3453 1033 3526 longe
1047 3452 1111 3512 alio
1126 3452 1263 3528 spectat.

385 3564 543 3628 Fabulam
564 3569 655 3643 lingit
675 3572 710 3628 ul
723 3585 871 3644 personae
886 3571 1024 3630 lectores
1040 3551 1178 3629 doceant
1189 3567 1263 3643 quid

387 3688 425 3746 do
446 3687 542 3746 rebus
559 3686 707 3762 publicis,
723 3687 847 3764 quidde
860 3685 1264 3762 propriispopulorumque
