3048 5046
388 645 421 700 38
602 659 644 700 uu
663 657 687 698 a.
708 630 859 699 abactam
883 653 1048 725 ardunum

387 787 457 861 glas
470 791 570 855 artes,
583 786 693 846 nescio
707 785 976 858 Commindorige
993 784 1033 844 ab
1048 785 1117 859 ipso
1133 784 1266 861 Gobrya

320 973 323 980 ,
387 900 1264 971 suerateducatus‚doueoBritomandesfiliumcivibus

385 1019 512 1079 tandem
530 1018 716 1078 restituerit.
732 1017 831 1076 Ferro
844 1031 1016 1091 percussus
1029 1017 1187 1076 scelerum
1200 1033 1265 1092 poe

384 1148 459 1193 narn
476 1134 609 1193 dederat
624 1130 1020 1192 Commindorix.Juvenis
1034 1133 1101 1191 tum
1120 1132 1264 1206 paternis

384 1248 536 1324 auspiciis
553 1249 765 1321 regnaverat;
784 1247 839 1307 sed
856 1248 1025 1322 postquam
1040 1247 1183 1307 externis
1203 1247 1264 1305 diis

384 1364 493 1423 votum
513 1362 673 1438 quoddam
700 1362 966 1437 nuncupavisset,
984 1377 1047 1421 uno
1070 1377 1143 1421 cum
1169 1361 1266 1422 Gela·

384 1493 465 1537 noro
481 1478 608 1548 comite,
624 1478 754 1538 nomine
766 1477 898 1537 mentito
919 1475 1105 1551 habituque,
1123 1476 1266 1536 Siciliam

385 1596 519 1652 venerat
537 1595 632 1667 atque
644 1591 686 1654 ibi
703 1609 737 1652 se
756 1593 963 1651 Poliarcbum
983 1591 1139 1667 appellari
1152 1591 1267 1651 volue-

385 1714 447 1770 rat.
466 1709 534 1783 Quo
544 1710 793 1784 auditostupens
807 1710 951 1780 Arsidas,
968 1710 1043 1769 dum
1058 1708 1266 1769 Poliarcbum

387 1823 534 1883 eumdem
554 1841 588 1882 se
604 1840 750 1900 quaerere
765 1825 1024 1900 proiitel‘etur,iu
1041 1839 1132 1885 oram
1147 1823 1266 1884 Siciliae

387 1940 530 2014 procella
545 1955 618 1999 cum
631 1938 763 2016 Gobrya
779 1941 933 2015 jactatur.
949 1942 990 2000 At
1004 1940 1195 2000 Poliarobus
1210 1955 1266 2003 eaae

387 2053 459 2114 dem
474 2056 663 2128 tempestate
685 2057 817 2113 coactus
837 2054 869 2112 in
896 2053 1123 2114 Mauritaniam
1137 2054 1268 2130 appule—

388 2169 452 2225 rat.
483 2166 541 2238 lbi,
575 2167 709 2241 inopino
734 2171 874 2228 tumultu
897 2171 1057 2244 receptus,
1078 2167 1267 2245 Hyauisben

388 2281 535 2355 reginam
562 2282 834 2342 sollicitudinibus
867 2285 998 2343 anxiam
1024 2288 1121 2360 atque
1158 2286 1268 2346 omnia
1346 2271 1349 2276 ¹

387 2398 517 2459 turbata
536 2398 669 2458 invenit.
687 2398 769 2459 Nam
784 2403 816 2460 et
835 2401 959 2460 litteras
973 2402 1012 2462 ab
1029 2403 1265 2464 Arcbombroto

389 2514 456 2574 filio
482 2515 520 2575 de
543 2515 718 2576 foederibus
739 2533 811 2578 oum
827 2518 987 2592 Argenide
1008 2520 1158 2580 ineundis
1174 2536 1266 2581 acce-

388 2626 481 2706 perat
493 2631 669 2707 Hyanisbe‚
687 2636 719 2692 et
730 2633 967 2693 Radirobanem
976 2635 1168 2708 jamdudum
1179 2636 1268 2696 Mau·

389 2748 543 2836 ritaniam
556 2749 710 2810 invadere
726 2749 935 2810 meditantem
946 2749 1062 2810 infesta
1076 2766 1149 2810 cum
1163 2751 1268 2810 classe

389 2867 421 2925 in
455 2866 540 2925 diem
575 2866 764 2926 adiuturum
790 2866 1011 2941 exspectabat.
1045 2864 1268 2925 Misericordia

389 2980 466 3037 tuno
486 2983 692 3049 commotum,
713 2997 773 3040 nec
791 2980 924 3040 oblitum
948 2984 1057 3040 tamen
1086 2980 1265 3055 Argenidis,

387 3090 780 3154 Poliarchumextrema‘m
792 3096 899 3154 oranti
910 3111 1004 3170 opem
1017 3095 1109 3156 tarde
1120 3111 1268 3156 annuere

388 3208 512 3282 puduit.
536 3207 603 3269 Nec
629 3225 745 3270 mora:
774 3210 914 3286 praesidii
937 3189 1036 3271 causa
1061 3212 1268 3270 instruuntur

389 3324 507 3382 omnia.
523 3323 701 3386 Numerosa
723 3343 796 3386 cum
821 3327 924 3387 classe
950 3327 1139 3404 supervenit
1155 3325 1269 3387 Sardi-

391 3440 453 3500 niae
467 3457 538 3514 rex,
551 3445 780 3518 oppressisque
800 3443 988 3503 custodibus
998 3443 1115 3502 castris
1130 3444 1265 3519 potitur.

391 3547 467 3607 Mox
518 3553 591 3624 post
638 3549 767 3610 diversa
825 3552 953 3627 parcella,
1002 3550 1189 3611 Poliarobus
1236 3552 1270 3610 et

393 3662 616 3726 Radiuobaues
661 3666 779 3740 singuli
820 3681 959 3741 pugnam
1007 3669 1182 3727 conserunt
1234 3667 1267 3725 in
