<?xml version="1.0" encoding="UTF-8"?>
<!DOCTYPE html PUBLIC "-//W3C//DTD XHTML 1.0 Transitional//EN"
    "http://www.w3.org/TR/xhtml1/DTD/xhtml1-transitional.dtd">
<html xmlns="http://www.w3.org/1999/xhtml" xml:lang="en" lang="en">
 <head>
  <title>
</title>
<meta http-equiv="Content-Type" content="text/html;charset=utf-8" />
  <meta name='ocr-system' content='tesseract 3.04.00' />
  <meta name='ocr-capabilities' content='ocr_page ocr_carea ocr_par ocr_line ocrx_word'/>
</head>
<body>
  <div class='ocr_page' id='page_1' title='image "./dejoannisbarcla00boucgoog_0032.png"; bbox 0 0 3048 5046; ppageno 0'>
   <div class='ocr_carea' id='block_1_1' title="bbox 510 613 1120 673">
    <p class='ocr_par' dir='ltr' id='par_1_1' title="bbox 510 613 1120 673">
     <span class='ocr_line' id='line_1_1' title="bbox 510 613 1120 673; baseline 0.018 -11"><span class='ocrx_word' id='word_1_1' title='bbox 510 623 551 662; x_wconf 83' lang='lat' dir='ltr'>nn</span> <span class='ocrx_word' id='word_1_2' title='bbox 571 624 594 664; x_wconf 81' lang='lat' dir='ltr'>J.</span> <span class='ocrx_word' id='word_1_3' title='bbox 612 613 763 666; x_wconf 66' lang='lat' dir='ltr'>sanonum</span> <span class='ocrx_word' id='word_1_4' title='bbox 782 625 855 666; x_wconf 66' lang='lat' dir='ltr'>vrri</span> <span class='ocrx_word' id='word_1_5' title='bbox 1057 623 1120 673; x_wconf 77' lang='lat' dir='ltr'>=ld</span> 
     </span>
    </p>
   </div>
   <div class='ocr_carea' id='block_1_2' title="bbox 235 753 1195 3244">
    <p class='ocr_par' dir='ltr' id='par_1_2' title="bbox 243 753 1118 944">
     <span class='ocr_line' id='line_1_2' title="bbox 243 753 1118 835; baseline 0.014 -24"><span class='ocrx_word' id='word_1_6' title='bbox 243 753 411 824; x_wconf 84' lang='lat' dir='ltr'>meruisse,</span> <span class='ocrx_word' id='word_1_7' title='bbox 439 755 471 812; x_wconf 86' lang='lat' dir='ltr'>et</span> <span class='ocrx_word' id='word_1_8' title='bbox 494 756 627 827; x_wconf 87' lang='lat' dir='ltr'>grandis</span> <span class='ocrx_word' id='word_1_9' title='bbox 646 756 829 830; x_wconf 82' lang='lat' dir='ltr'>opinionem</span> <span class='ocrx_word' id='word_1_10' title='bbox 859 758 1012 829; x_wconf 84' lang='lat' dir='ltr'>scientiae,</span> <span class='ocrx_word' id='word_1_11' title='bbox 1035 764 1118 835; x_wconf 93' lang='lat' dir='ltr'>quod</span> 
     </span>
     <span class='ocr_line' id='line_1_3' title="bbox 243 868 643 944; baseline 0.013 -18"><span class='ocrx_word' id='word_1_12' title='bbox 243 885 310 929; x_wconf 94' lang='lat' dir='ltr'>non</span> <span class='ocrx_word' id='word_1_13' title='bbox 323 868 561 944; x_wconf 72' lang='lat' dir='ltr'>intelligeretur</span> <span class='ocrx_word' id='word_1_14' title='bbox 581 875 601 930; x_wconf 88' lang='lat'>¹.</span> <span class='ocrx_word' id='word_1_15' title='bbox 627 892 643 924; x_wconf 86' lang='lat'>»</span> 
     </span>
    </p>

    <p class='ocr_par' dir='ltr' id='par_1_3' title="bbox 240 964 1195 1406">
     <span class='ocr_line' id='line_1_4' title="bbox 281 964 1124 1068; baseline 0.012 -24"><span class='ocrx_word' id='word_1_16' title='bbox 281 983 409 1044; x_wconf 92' lang='lat' dir='ltr'>Minora</span> <span class='ocrx_word' id='word_1_17' title='bbox 429 964 553 1046; x_wconf 84' lang='lat' dir='ltr'>nostra.</span> <span class='ocrx_word' id='word_1_18' title='bbox 567 986 658 1056; x_wconf 89' lang='lat' dir='ltr'>vitia,</span> <span class='ocrx_word' id='word_1_19' title='bbox 678 988 733 1048; x_wconf 88' lang='lat' dir='ltr'>sed</span> <span class='ocrx_word' id='word_1_20' title='bbox 761 1005 826 1048; x_wconf 93' lang='lat' dir='ltr'>non</span> <span class='ocrx_word' id='word_1_21' title='bbox 850 990 957 1050; x_wconf 87' lang='lat' dir='ltr'>minus</span> <span class='ocrx_word' id='word_1_22' title='bbox 984 993 1124 1068; x_wconf 90' lang='lat' dir='ltr'>tenacia,</span> 
     </span>
     <span class='ocr_line' id='line_1_5' title="bbox 241 1100 1193 1179; baseline 0.016 -22"><span class='ocrx_word' id='word_1_23' title='bbox 241 1115 306 1160; x_wconf 91' lang='lat' dir='ltr'>non</span> <span class='ocrx_word' id='word_1_24' title='bbox 335 1100 537 1174; x_wconf 78' lang='lat' dir='ltr'>pretermisit</span> <span class='ocrx_word' id='word_1_25' title='bbox 563 1101 747 1174; x_wconf 89' lang='lat' dir='ltr'>Barclaius‚</span> <span class='ocrx_word' id='word_1_26' title='bbox 764 1104 861 1179; x_wconf 92' lang='lat' dir='ltr'>atque</span> <span class='ocrx_word' id='word_1_27' title='bbox 883 1105 928 1165; x_wconf 89' lang='lat' dir='ltr'>ita</span> <span class='ocrx_word' id='word_1_28' title='bbox 956 1107 1126 1170; x_wconf 86' lang='lat' dir='ltr'>titulorum</span> <span class='ocrx_word' id='word_1_29' title='bbox 1191 1131 1193 1134; x_wconf 92' lang='lat'>·</span> 
     </span>
     <span class='ocr_line' id='line_1_6' title="bbox 240 1214 1195 1302; baseline 0.012 -29"><span class='ocrx_word' id='word_1_30' title='bbox 240 1214 461 1274; x_wconf 83' lang='lat' dir='ltr'>avidissimam</span> <span class='ocrx_word' id='word_1_31' title='bbox 477 1216 608 1288; x_wconf 90' lang='lat' dir='ltr'>gentem</span> <span class='ocrx_word' id='word_1_32' title='bbox 618 1217 740 1278; x_wconf 88' lang='lat' dir='ltr'>aculeis</span> <span class='ocrx_word' id='word_1_33' title='bbox 761 1220 977 1293; x_wconf 83' lang='lat' dir='ltr'>praestrinxit</span> <span class='ocrx_word' id='word_1_34' title='bbox 1005 1225 1041 1283; x_wconf 90' lang='lat' dir='ltr'>nt</span> <span class='ocrx_word' id='word_1_35' title='bbox 1069 1240 1126 1283; x_wconf 90' lang='lat' dir='ltr'>nn·</span> <span class='ocrx_word' id='word_1_36' title='bbox 1191 1293 1195 1302; x_wconf 48' lang='lat'>,</span> 
     </span>
     <span class='ocr_line' id='line_1_7' title="bbox 240 1313 921 1406; baseline 0.004 -16"><span class='ocrx_word' id='word_1_37' title='bbox 240 1331 381 1403; x_wconf 87' lang='lat' dir='ltr'>perrimc</span> <span class='ocrx_word' id='word_1_38' title='bbox 393 1329 464 1390; x_wconf 88' lang='lat' dir='ltr'>haec</span> <span class='ocrx_word' id='word_1_39' title='bbox 479 1331 599 1406; x_wconf 85' lang='lat' dir='ltr'>scripta</span> <span class='ocrx_word' id='word_1_40' title='bbox 614 1331 714 1392; x_wconf 86' lang='lat' dir='ltr'>luisse</span> <span class='ocrx_word' id='word_1_41' title='bbox 726 1313 900 1393; x_wconf 82' lang='lat' dir='ltr'>videantur</span> <span class='ocrx_word' id='word_1_42' title='bbox 915 1351 921 1393; x_wconf 90' lang='lat'>:</span> 
     </span>
    </p>

    <p class='ocr_par' dir='ltr' id='par_1_4' title="bbox 235 1443 1125 3244">
     <span class='ocr_line' id='line_1_8' title="bbox 282 1443 1125 1512; baseline 0.018 -14"><span class='ocrx_word' id='word_1_43' title='bbox 282 1465 298 1498; x_wconf 89' lang='lat'>&lt;‹</span> <span class='ocrx_word' id='word_1_44' title='bbox 314 1444 356 1505; x_wconf 84' lang='lat' dir='ltr'>nt</span> <span class='ocrx_word' id='word_1_45' title='bbox 371 1445 405 1503; x_wconf 91' lang='lat' dir='ltr'>in</span> <span class='ocrx_word' id='word_1_46' title='bbox 419 1443 533 1504; x_wconf 86' lang='lat' dir='ltr'>Galliis</span> <span class='ocrx_word' id='word_1_47' title='bbox 554 1444 638 1506; x_wconf 90' lang='lat' dir='ltr'>hanc</span> <span class='ocrx_word' id='word_1_48' title='bbox 658 1449 778 1508; x_wconf 88' lang='lat' dir='ltr'>mutuae</span> <span class='ocrx_word' id='word_1_49' title='bbox 793 1446 942 1507; x_wconf 84' lang='lat' dir='ltr'>utilitatis</span> <span class='ocrx_word' id='word_1_50' title='bbox 965 1451 1125 1512; x_wconf 86' lang='lat' dir='ltr'>rationem</span> 
     </span>
     <span class='ocr_line' id='line_1_9' title="bbox 240 1557 1122 1637; baseline 0.011 -21"><span class='ocrx_word' id='word_1_51' title='bbox 240 1572 306 1617; x_wconf 94' lang='lat' dir='ltr'>non</span> <span class='ocrx_word' id='word_1_52' title='bbox 327 1557 424 1619; x_wconf 90' lang='lat' dir='ltr'>modo</span> <span class='ocrx_word' id='word_1_53' title='bbox 447 1559 566 1635; x_wconf 84' lang='lat' dir='ltr'>stirpes</span> <span class='ocrx_word' id='word_1_54' title='bbox 591 1561 733 1636; x_wconf 84' lang='lat' dir='ltr'>antiquae</span> <span class='ocrx_word' id='word_1_55' title='bbox 756 1562 987 1637; x_wconf 85' lang='lat' dir='ltr'>aspernantur,</span> <span class='ocrx_word' id='word_1_56' title='bbox 1002 1565 1059 1624; x_wconf 90' lang='lat' dir='ltr'>sed</span> <span class='ocrx_word' id='word_1_57' title='bbox 1080 1567 1122 1635; x_wconf 88' lang='lat' dir='ltr'>et,</span> 
     </span>
     <span class='ocr_line' id='line_1_10' title="bbox 239 1673 1124 1754; baseline 0.008 -22"><span class='ocrx_word' id='word_1_58' title='bbox 239 1673 332 1748; x_wconf 88' lang='lat' dir='ltr'>quasi</span> <span class='ocrx_word' id='word_1_59' title='bbox 354 1675 551 1734; x_wconf 80' lang='lat' dir='ltr'>mercatores</span> <span class='ocrx_word' id='word_1_60' title='bbox 579 1675 629 1734; x_wconf 94' lang='lat' dir='ltr'>sui</span> <span class='ocrx_word' id='word_1_61' title='bbox 658 1676 804 1751; x_wconf 87' lang='lat' dir='ltr'>puderet,</span> <span class='ocrx_word' id='word_1_62' title='bbox 833 1676 887 1736; x_wconf 88' lang='lat' dir='ltr'>ubl</span> <span class='ocrx_word' id='word_1_63' title='bbox 916 1677 979 1737; x_wconf 91' lang='lat' dir='ltr'>illis</span> <span class='ocrx_word' id='word_1_64' title='bbox 1000 1678 1124 1754; x_wconf 88' lang='lat' dir='ltr'>largius</span> 
     </span>
     <span class='ocr_line' id='line_1_11' title="bbox 239 1788 1122 1868; baseline 0.01 -22"><span class='ocrx_word' id='word_1_65' title='bbox 239 1788 370 1850; x_wconf 84' lang='lat' dir='ltr'>fortuna</span> <span class='ocrx_word' id='word_1_66' title='bbox 378 1789 523 1861; x_wconf 89' lang='lat' dir='ltr'>indulsit,</span> <span class='ocrx_word' id='word_1_67' title='bbox 538 1791 645 1851; x_wconf 90' lang='lat' dir='ltr'>statim</span> <span class='ocrx_word' id='word_1_68' title='bbox 660 1791 693 1851; x_wconf 94' lang='lat' dir='ltr'>in</span> <span class='ocrx_word' id='word_1_69' title='bbox 705 1791 804 1852; x_wconf 91' lang='lat' dir='ltr'>aliam</span> <span class='ocrx_word' id='word_1_70' title='bbox 820 1792 1024 1868; x_wconf 88' lang='lat' dir='ltr'>disciplinam</span> <span class='ocrx_word' id='word_1_71' title='bbox 1038 1795 1122 1855; x_wconf 89' lang='lat' dir='ltr'>filios</span> 
     </span>
     <span class='ocr_line' id='line_1_12' title="bbox 240 1889 1121 1984; baseline 0.007 -20"><span class='ocrx_word' id='word_1_72' title='bbox 240 1918 316 1964; x_wconf 88' lang='lat' dir='ltr'>suos</span> <span class='ocrx_word' id='word_1_73' title='bbox 331 1905 442 1979; x_wconf 89' lang='lat' dir='ltr'>agunt,</span> <span class='ocrx_word' id='word_1_74' title='bbox 457 1889 636 1980; x_wconf 74' lang='lat' dir='ltr'>jubentque</span> <span class='ocrx_word' id='word_1_75' title='bbox 658 1907 816 1981; x_wconf 87' lang='lat' dir='ltr'>majorem</span> <span class='ocrx_word' id='word_1_76' title='bbox 836 1907 973 1983; x_wconf 90' lang='lat' dir='ltr'>paterno</span> <span class='ocrx_word' id='word_1_77' title='bbox 991 1907 1121 1984; x_wconf 83' lang='lat' dir='ltr'>fastigio</span> 
     </span>
     <span class='ocr_line' id='line_1_13' title="bbox 239 2018 1121 2095; baseline 0.005 -17"><span class='ocrx_word' id='word_1_78' title='bbox 239 2034 372 2079; x_wconf 81' lang='lat' dir='ltr'>scenam</span> <span class='ocrx_word' id='word_1_79' title='bbox 387 2035 529 2095; x_wconf 89' lang='lat' dir='ltr'>sperare.</span> <span class='ocrx_word' id='word_1_80' title='bbox 542 2018 581 2080; x_wconf 84' lang='lat' dir='ltr'>nt</span> <span class='ocrx_word' id='word_1_81' title='bbox 597 2019 725 2094; x_wconf 89' lang='lat' dir='ltr'>quidem</span> <span class='ocrx_word' id='word_1_82' title='bbox 741 2019 998 2094; x_wconf 81' lang='lat' dir='ltr'>magnitudinem</span> <span class='ocrx_word' id='word_1_83' title='bbox 1019 2021 1121 2082; x_wconf 86' lang='lat' dir='ltr'>Galli-</span> 
     </span>
     <span class='ocr_line' id='line_1_14' title="bbox 238 2134 1120 2213; baseline 0.003 -19"><span class='ocrx_word' id='word_1_84' title='bbox 238 2149 350 2194; x_wconf 87' lang='lat' dir='ltr'>corum</span> <span class='ocrx_word' id='word_1_85' title='bbox 365 2135 548 2196; x_wconf 89' lang='lat' dir='ltr'>animorum</span> <span class='ocrx_word' id='word_1_86' title='bbox 563 2135 682 2195; x_wconf 61' lang='lat' dir='ltr'>‘nullibi</span> <span class='ocrx_word' id='word_1_87' title='bbox 698 2134 862 2196; x_wconf 86' lang='lat' dir='ltr'>efficacius</span> <span class='ocrx_word' id='word_1_88' title='bbox 882 2136 1006 2208; x_wconf 84' lang='lat' dir='ltr'>videas,</span> <span class='ocrx_word' id='word_1_89' title='bbox 1022 2153 1120 2213; x_wconf 91' lang='lat' dir='ltr'>quam</span> 
     </span>
     <span class='ocr_line' id='line_1_15' title="bbox 238 2249 1120 2326; baseline 0.006 -18"><span class='ocrx_word' id='word_1_90' title='bbox 238 2249 272 2309; x_wconf 91' lang='lat' dir='ltr'>in</span> <span class='ocrx_word' id='word_1_91' title='bbox 287 2249 410 2310; x_wconf 88' lang='lat' dir='ltr'>ambitu</span> <span class='ocrx_word' id='word_1_92' title='bbox 431 2251 693 2325; x_wconf 80' lang='lat' dir='ltr'>magistratuum,</span> <span class='ocrx_word' id='word_1_93' title='bbox 710 2265 729 2310; x_wconf 94' lang='lat' dir='ltr'>a</span> <span class='ocrx_word' id='word_1_94' title='bbox 754 2251 869 2326; x_wconf 90' lang='lat' dir='ltr'>quibus</span> <span class='ocrx_word' id='word_1_95' title='bbox 882 2251 1038 2326; x_wconf 79' lang='lat' dir='ltr'>pervicax</span> <span class='ocrx_word' id='word_1_96' title='bbox 1048 2252 1120 2313; x_wconf 90' lang='lat' dir='ltr'>lici-</span> 
     </span>
     <span class='ocr_line' id='line_1_16' title="bbox 236 2365 1121 2441; baseline 0.003 -16"><span class='ocrx_word' id='word_1_97' title='bbox 236 2365 314 2426; x_wconf 91' lang='lat' dir='ltr'>tatio</span> <span class='ocrx_word' id='word_1_98' title='bbox 329 2366 456 2441; x_wconf 90' lang='lat' dir='ltr'>jamdiu</span> <span class='ocrx_word' id='word_1_99' title='bbox 472 2367 636 2441; x_wconf 85' lang='lat' dir='ltr'>egentium</span> <span class='ocrx_word' id='word_1_100' title='bbox 666 2366 804 2427; x_wconf 88' lang='lat' dir='ltr'>virtutes</span> <span class='ocrx_word' id='word_1_101' title='bbox 825 2366 976 2426; x_wconf 83' lang='lat' dir='ltr'>exclusit.</span> <span class='ocrx_word' id='word_1_102' title='bbox 992 2365 1121 2436; x_wconf 71' lang='lat' dir='ltr'>Exhau-</span> 
     </span>
     <span class='ocr_line' id='line_1_17' title="bbox 235 2479 1121 2557; baseline 0.003 -18"><span class='ocrx_word' id='word_1_103' title='bbox 235 2479 301 2540; x_wconf 86' lang='lat' dir='ltr'>rire</span> <span class='ocrx_word' id='word_1_104' title='bbox 316 2480 470 2553; x_wconf 81' lang='lat' dir='ltr'>familias,</span> <span class='ocrx_word' id='word_1_105' title='bbox 484 2481 617 2541; x_wconf 89' lang='lat' dir='ltr'>nomina</span> <span class='ocrx_word' id='word_1_106' title='bbox 639 2480 759 2550; x_wconf 83' lang='lat' dir='ltr'>lacere,</span> <span class='ocrx_word' id='word_1_107' title='bbox 775 2495 856 2552; x_wconf 90' lang='lat' dir='ltr'>rem,</span> <span class='ocrx_word' id='word_1_108' title='bbox 874 2480 1033 2557; x_wconf 78' lang='lat' dir='ltr'>fidemque</span> <span class='ocrx_word' id='word_1_109' title='bbox 1046 2495 1121 2542; x_wconf 89' lang='lat' dir='ltr'>con·</span> 
     </span>
     <span class='ocr_line' id='line_1_18' title="bbox 237 2594 1120 2669; baseline 0.003 -17"><span class='ocrx_word' id='word_1_110' title='bbox 237 2608 377 2664; x_wconf 88' lang='lat' dir='ltr'>sumere,</span> <span class='ocrx_word' id='word_1_111' title='bbox 409 2594 576 2664; x_wconf 90' lang='lat' dir='ltr'>decorum,</span> <span class='ocrx_word' id='word_1_112' title='bbox 604 2595 681 2653; x_wconf 87' lang='lat' dir='ltr'>dum</span> <span class='ocrx_word' id='word_1_113' title='bbox 702 2594 788 2655; x_wconf 88' lang='lat' dir='ltr'>inter</span> <span class='ocrx_word' id='word_1_114' title='bbox 811 2594 953 2669; x_wconf 87' lang='lat' dir='ltr'>aequales</span> <span class='ocrx_word' id='word_1_115' title='bbox 975 2595 1120 2655; x_wconf 88' lang='lat' dir='ltr'>emineas</span> 
     </span>
     <span class='ocr_line' id='line_1_19' title="bbox 235 2707 1119 2782; baseline -0.001 -14"><span class='ocrx_word' id='word_1_116' title='bbox 235 2707 288 2768; x_wconf 80' lang='lat' dir='ltr'>vel</span> <span class='ocrx_word' id='word_1_117' title='bbox 303 2707 405 2768; x_wconf 90' lang='lat' dir='ltr'>sterili</span> <span class='ocrx_word' id='word_1_118' title='bbox 418 2707 585 2780; x_wconf 87' lang='lat' dir='ltr'>dignitate,</span> <span class='ocrx_word' id='word_1_119' title='bbox 599 2708 651 2767; x_wconf 83' lang='lat' dir='ltr'>vel</span> <span class='ocrx_word' id='word_1_120' title='bbox 679 2707 782 2782; x_wconf 89' lang='lat' dir='ltr'>pretio</span> <span class='ocrx_word' id='word_1_121' title='bbox 798 2707 991 2766; x_wconf 82' lang='lat' dir='ltr'>furtivorum</span> <span class='ocrx_word' id='word_1_122' title='bbox 1009 2723 1119 2768; x_wconf 89' lang='lat' dir='ltr'>mnne·</span> 
     </span>
     <span class='ocr_line' id='line_1_20' title="bbox 237 2819 1115 2898; baseline 0.001 -17"><span class='ocrx_word' id='word_1_123' title='bbox 237 2837 310 2882; x_wconf 93' lang='lat' dir='ltr'>rum</span> <span class='ocrx_word' id='word_1_124' title='bbox 341 2821 526 2898; x_wconf 88' lang='lat' dir='ltr'>patrimonii</span> <span class='ocrx_word' id='word_1_125' title='bbox 547 2821 676 2881; x_wconf 89' lang='lat' dir='ltr'>ruinam</span> <span class='ocrx_word' id='word_1_126' title='bbox 689 2823 874 2896; x_wconf 88' lang='lat' dir='ltr'>reparante.</span> <span class='ocrx_word' id='word_1_127' title='bbox 891 2819 958 2881; x_wconf 88' lang='lat' dir='ltr'>Nec</span> <span class='ocrx_word' id='word_1_128' title='bbox 974 2821 1115 2892; x_wconf 90' lang='lat' dir='ltr'>dubium,</span> 
     </span>
     <span class='ocr_line' id='line_1_21' title="bbox 237 2936 1116 3027; baseline -0.001 -29"><span class='ocrx_word' id='word_1_129' title='bbox 237 2938 315 3013; x_wconf 91' lang='lat' dir='ltr'>quin</span> <span class='ocrx_word' id='word_1_130' title='bbox 343 2937 400 2996; x_wconf 89' lang='lat' dir='ltr'>illa</span> <span class='ocrx_word' id='word_1_131' title='bbox 423 2937 522 2997; x_wconf 90' lang='lat' dir='ltr'>libido</span> <span class='ocrx_word' id='word_1_132' title='bbox 546 2936 726 3027; x_wconf 73' lang='lat' dir='ltr'>titulorum,</span> <span class='ocrx_word' id='word_1_133' title='bbox 747 2937 810 2996; x_wconf 91' lang='lat' dir='ltr'>nisi</span> <span class='ocrx_word' id='word_1_134' title='bbox 826 2937 896 3012; x_wconf 90' lang='lat' dir='ltr'>ipsa</span> <span class='ocrx_word' id='word_1_135' title='bbox 913 2952 947 2996; x_wconf 90' lang='lat' dir='ltr'>se</span> <span class='ocrx_word' id='word_1_136' title='bbox 973 2937 1116 3011; x_wconf 80' lang='lat' dir='ltr'>frangat,</span> 
     </span>
     <span class='ocr_line' id='line_1_22' title="bbox 238 3021 1118 3128; baseline -0.002 -15"><span class='ocrx_word' id='word_1_137' title='bbox 238 3053 357 3128; x_wconf 81' lang='lat' dir='ltr'>curias,</span> <span class='ocrx_word' id='word_1_138' title='bbox 370 3021 558 3121; x_wconf 82' lang='lat' dir='ltr'>tribunalia,</span> <span class='ocrx_word' id='word_1_139' title='bbox 571 3043 793 3128; x_wconf 72' lang='lat' dir='ltr'>praefecturas</span> <span class='ocrx_word' id='word_1_140' title='bbox 806 3051 938 3111; x_wconf 91' lang='lat' dir='ltr'>tandem</span> <span class='ocrx_word' id='word_1_141' title='bbox 954 3052 996 3111; x_wconf 91' lang='lat' dir='ltr'>sit</span> <span class='ocrx_word' id='word_1_142' title='bbox 1011 3051 1118 3113; x_wconf 90' lang='lat' dir='ltr'>viliori</span> 
     </span>
     <span class='ocr_line' id='line_1_23' title="bbox 237 3153 1072 3244; baseline -0.01 -16"><span class='ocrx_word' id='word_1_143' title='bbox 237 3169 406 3244; x_wconf 85' lang='lat' dir='ltr'>sanguine,</span> <span class='ocrx_word' id='word_1_144' title='bbox 418 3169 635 3244; x_wconf 82' lang='lat' dir='ltr'>angustisque</span> <span class='ocrx_word' id='word_1_145' title='bbox 651 3153 781 3239; x_wconf 85' lang='lat' dir='ltr'>animis,</span> <span class='ocrx_word' id='word_1_146' title='bbox 803 3166 1007 3226; x_wconf 87' lang='lat' dir='ltr'>maculatnra</span> <span class='ocrx_word' id='word_1_147' title='bbox 1020 3169 1042 3224; x_wconf 74' lang='lat'>².</span> <span class='ocrx_word' id='word_1_148' title='bbox 1062 3187 1072 3218; x_wconf 74' lang='grc' dir='ltr'>ι</span> 
     </span>
    </p>
   </div>
   <div class='ocr_carea' id='block_1_3' title="bbox 236 3505 1157 3704">
    <p class='ocr_par' dir='ltr' id='par_1_5' title="bbox 236 3505 1157 3704">
     <span class='ocr_line' id='line_1_24' title="bbox 273 3505 1157 3590; baseline -0.008 -28"><span class='ocrx_word' id='word_1_149' title='bbox 273 3505 281 3536; x_wconf 87' lang='lat'>¹</span> <span class='ocrx_word' id='word_1_150' title='bbox 297 3512 324 3564; x_wconf 87' lang='lat' dir='ltr'>J.</span> <span class='ocrx_word' id='word_1_151' title='bbox 341 3513 469 3562; x_wconf 73' lang='lat' dir='ltr'>Banonnn</span> <span class='ocrx_word' id='word_1_152' title='bbox 492 3511 549 3562; x_wconf 78' lang='lat' dir='ltr'>Iron</span> <span class='ocrx_word' id='word_1_153' title='bbox 568 3510 713 3560; x_wconf 69' lang='lat' dir='ltr'>cumeorum.</span> <span class='ocrx_word' id='word_1_154' title='bbox 728 3507 793 3574; x_wconf 87' lang='lat' dir='ltr'>Cap.</span> <span class='ocrx_word' id='word_1_155' title='bbox 811 3509 858 3556; x_wconf 91' lang='lat' dir='ltr'>lll.</span> <span class='ocrx_word' id='word_1_156' title='bbox 873 3507 975 3558; x_wconf 81' lang='lat' dir='ltr'>Dresdae</span> <span class='ocrx_word' id='word_1_157' title='bbox 989 3515 1013 3558; x_wconf 85' lang='lat' dir='ltr'>ct</span> <span class='ocrx_word' id='word_1_158' title='bbox 1027 3507 1117 3573; x_wconf 78' lang='lat' dir='ltr'>Lipsiae</span> <span class='ocrx_word' id='word_1_159' title='bbox 1154 3583 1157 3590; x_wconf 31' lang='grc' dir='ltr'>Ι</span> 
     </span>
     <span class='ocr_line' id='line_1_25' title="bbox 236 3585 416 3704; baseline -0.006 -1"><span class='ocrx_word' id='word_1_160' title='bbox 236 3585 338 3703; x_wconf 61' lang='lat' dir='ltr'>1⁷³⁵³&#39;1n</span> <span class='ocrx_word' id='word_1_161' title='bbox 356 3653 416 3704; x_wconf 69' lang='lat' dir='ltr'>rita.</span> 
     </span>
    </p>
   </div>
   <div class='ocr_carea' id='block_1_4' title="bbox 0 0 1528 5046">
    <p class='ocr_par' dir='ltr' id='par_1_6' title="bbox 0 0 1528 5046">
     <span class='ocr_line' id='line_1_26' title="bbox 0 0 1528 5046; baseline 0 3"><span class='ocrx_word' id='word_1_162' title='bbox 0 0 1528 5046; x_wconf 95' lang='lat' dir='ltr'> </span> 
     </span>
    </p>
   </div>
  </div>
 </body>
</html>
