3062 5048
295 657 333 698 nu
349 657 486 698 meum.
501 659 542 698 nu
555 659 718 704 pensonns,
733 654 774 699 nu
788 657 883 699 senno
896 657 1074 702 uuennmrs
1090 649 1127 702 95

179 829 184 837 .
240 785 341 845 trium
356 785 511 845 habuisse
535 791 566 846 et
582 787 689 846 omnis
709 787 793 846 elius
814 784 934 860 linguae
957 787 1125 862 expertem

240 901 339 960 fuisse
363 904 551 974 Aryem'uis
574 902 768 977 scriptorem
794 900 1021 962 eontendenes.
1047 901 1125 974 Quee

166 1021 168 1024 ’
239 1015 367 1092 quidem
390 1017 475 1085 iaus,
500 1018 587 1076 sieut
608 1017 764 1086 maxima,
782 1017 827 1076 ita
854 1031 918 1074 non
939 1016 1049 1076 multis
1082 1032 1123 1077 ex

241 1133 281 1190 iis
293 1133 346 1208 qui
362 1133 476 1193 eodem
489 1135 634 1208 tempore
649 1133 750 1194 latine
766 1133 969 1208 scripserunt
985 1133 1125 1194 tribuen-

240 1247 281 1306 da
296 1250 359 1306 est.
378 1247 487 1306 Testis
508 1251 541 1307 et
566 1249 643 1306 mihi
670 1247 774 1307 Gnoiii
798 1247 837 1306 de
867 1245 1019 1308 Banclaio
1032 1249 1126 1308 disti-

240 1363 357 1422 enon:

365 1603 447 1652 Gente
462 1601 622 1656 Caledonius.
641 1603 730 1652 Gallus
751 1604 883 1662 natalibus,
908 1606 946 1653 hic
960 1613 998 1654 est

291 1717 298 1727 ·
364 1701 467 1751 Romam
479 1717 577 1750 romano
590 1701 715 1767 quidoeet
730 1717 769 1750 ore
782 1702 857 1768 loqui.

215 1911 218 1915 ι
279 1937 326 1996 De
345 1937 495 1996 versibus
523 1933 643 2004 autem,
669 1950 749 2010 quos
773 1936 1015 1996 numerosiores
1040 1951 1120 1997 ona-

238 2054 317 2113 tioni
348 2052 519 2113 admiscuit
549 2051 613 2119 ille,
642 2051 738 2110 silere
758 2050 860 2110 satius
892 2054 950 2111 est.
980 2050 1118 2122 Etenim,

244 2170 363 2242 praeter
386 2167 417 2227 id
434 2167 517 2244 quod
539 2181 649 2225 renum
672 2166 820 2254 ordinem
845 2167 1034 2242 plerumque
1054 2183 1122 2227 mo·
1221 2185 1228 2200 ·

243 2285 370 2352 rantur,
386 2285 417 2342 et
433 2285 524 2342 tanta
537 2282 710 2343 verborum
724 2285 954 2359 nominumque
970 2286 1122 2357 congerie

242 2381 453 2457 laboremne
484 2398 574 2474 quasi
603 2399 642 2457 de
667 2399 847 2466 industrie,
875 2375 991 2458 ineos
1011 2414 1121 2459 omues

240 2512 377 2588 Olympii
389 2513 477 2582 deos,
488 2513 641 2589 deasque,
651 2517 682 2573 et
691 2512 867 2572 semideum
879 2528 978 2587 pecus
989 2513 1122 2588 insuper

239 2623 453 2684 intromisisse
464 2625 616 2685 videatur
636 2632 742 2703 poeta,
768 2642 831 2686 non
844 2627 1019 2702 quidquam
1033 2643 1120 2703 pnae-

238 2737 316 2796 beni
332 2755 395 2814 quo
414 2739 592 2799 emineant.
919 2731 921 2736 ’

279 2849 349 2913 Non
377 2851 550 2918 defuerunt
564 2853 713 2913 Barelaio
742 2855 934 2925 imitatorem
962 2855 1118 2930 aquibus

239 2969 1116 3046 primeeAraeuidiaiiaequaedamsemperaddereniur.

238 3086 279 3144 At
300 3085 408 3145 nulius
434 3088 503 3158 ejus
530 3086 708 3162 discipulus
729 3087 864 3158 exstitit,
891 3087 953 3147 nisi
979 3087 1115 3148 Fenelo-

239 3215 325 3270 nem,
342 3201 498 3290 magistro
512 3216 590 3260 sane
603 3203 771 3276 majorem.
795 3202 893 3262 talem
904 3201 1027 3263 haberi
1047 3202 1121 3278 pla-

238 3318 321 3376 eeat.
331 3313 412 3388 Quid
422 3315 860 3376 autemintenTeiemaehnm
869 3319 1121 3392 etAraenidem
1138 3289 1152 3322 Ἰ

171 3505 175 3512 ,
237 3431 376 3502 intersit,
393 3429 497 3504 magis
511 3432 716 3506 perspicuum
731 3429 882 3490 omnihus
903 3435 954 3492 est
969 3447 1065 3508 quam
1087 3436 1122 3493 ut

237 3543 442 3628 explaneiun.
467 3543 501 3603 ld
518 3559 625 3604 unum·
639 3559 810 3604 commune
831 3543 929 3604 habet
948 3548 1122 3624 utrumque

237 3663 329 3736 opus,
338 3660 422 3738 quod
432 3675 501 3722 rem
506 3653 671 3738 politicam
682 3662 906 3736 persequatur.
919 3659 1022 3734 Quum
1033 3663 1119 3732 enim
