3062 5048
389 601 446 665 '58
625 623 662 663 ou
686 621 710 662 s.
737 579 883 662 immersu
913 597 1076 662 ducemne

412 753 561 829 quilliora
582 750 748 824 magisque
769 747 908 808 illustria
924 747 1007 824 apud
1029 711 1063 808 se
1079 749 1214 823 imperia
1241 767 1292 810 es·

412 869 516 928 sent¹.
1285 941 1287 948 y

452 981 577 1043 Novum
601 983 725 1041 nullum
749 981 891 1040 manime
910 980 1082 1054 disputatae
1107 995 1291 1040 causasar-

412 1102 601 1172 gumentum
621 1097 770 1158 attulisse
793 1097 989 1160 Barclaium.
1008 1095 1110 1172 liquet
1127 1095 1288 1156 omnibus.

412 1213 505 1285 Nam,
522 1213 696 1274 verborum
722 1214 811 1272 l'ucos
836 1213 862 1272 si
885 1212 991 1283 tollas,
1008 1211 1096 1282 'nillil
1119 1210 1209 1270 aliud
1227 1211 1290 1275 uisi

413 1330 594 1404 tyranidem
615 1331 784 1390 instituere
808 1329 1024 1403 Nicopompus
1046 1326 1291 1402 Dunalbiusque

413 1445 615 1506 orationibus
652 1446 719 1504 suis
741 1444 900 1504 ridentur.
924 1441 957 1502 ld
988 1444 1098 1502 autem
1120 1457 1158 1502 eo
1182 1442 1290 1502 minus

413 1561 595 1646 mirandum
623 1563 670 1622 est
708 1561 812 1637 quod,
845 1577 942 1636 quum
979 1575 1105 1618 morum
1136 1557 1290 1620 facilitate

413 1679 509 1752 atque
526 1676 655 1751 ingenio
677 1676 791 1736 aulicis
809 1675 1006 1752 urbanisque
1027 1673 1291 1734 dissimulationi·
1351 1739 1352 1742 Ἴ

412 1792 472 1852 bns
506 1794 704 1870 aeque-apto
735 1792 902 1852 Barclaius
935 1789 1087 1867 praeditus
1121 1792 1226 1852 esset.
1257 1792 1290 1849 et

414 1908 561 1984 quamvis
589 1909 682 1967 triste
711 1907 870 1983 quoddam
897 1905 1155 1981 invidiosumque
1192 1905 1290 1978 regiae

414 2026 582 2099 potestatis
595 2023 816 2096 simulacrum,
830 2023 953 2082 Jacobo
966 2025 1135 2095 regnante.
1150 2024 1291 2081 contem·

415 2137 521 2213 platus
541 2140 637 2210 esset,
660 2139 785 2212 regiam
806 2141 913 2197 tamen
947 2138 1150 2211 majestatem
1176 2151 1194 2196 a
1215 2151 1292 2196 oon·
1313 2199 1315 2203 ,

414 2251 619 2313 cionantibus
642 2253 809 2312 civitatum
831 2253 1004 2328 populique
1023 2252 1210 2312 auctoribus
1226 2251 1290 2310 im-

414 2370 589 2442 pugnatam
616 2368 791 2442 laesamque
820 2367 980 2428 doluerat.
1008 2366 1119 2442 ltaque
1152 2365 1284 2454 regibus

415 2481 575 2541 inlinilam
589 2481 788 2559 liberamque
812 2484 1004 2558 potestatem
1025 2481 1173 2541 concedit
1191 2480 1293 2554 leges·

415 2614 475 2674 que
492 2614 534 2658 ex
548 2598 678 2658 libidine
698 2600 895 2660 condendas.
924 2598 991 2658 lmo
1020 2599 1064 2658 ita
1090 2599 1129 2658 de
1151 2598 1295 2671 vectiga-

416 2712 511 2782 libus
534 2716 629 2790 prout
648 2715 787 2789 postulet
806 2716 943 2789 tempus,
961 2713 1142 2786 exigendis
1166 2712 1294 2772 locutus

353 2914 355 2918 ι
416 2829 465 2888 est
477 2829 512 2888 ut
523 2829 605 2888 nibil
619 2829 757 2905 amplius
773 2831 806 2889 in
821 2832 962 2906 tyranno
984 2828 1196 2888 desideretur.
1216 2826 1294 2886 Tes-

415 2944 457 3003 tis
470 2945 548 3003 mihi
564 2945 764 3012 Poliarclius.
784 2946 816 3005 id
834 2949 882 3007 est
896 2945 1060 3021 perlectus
1074 2945 1290 3022 optimusque.

414 3057 555 3117 Barclaii
582 3060 753 3121 sententia.
771 3076 841 3130 rex,
859 3061 1046 3135 Hyanisben
1067 3061 1119 3137 qui
1146 3060 1291 3134 reginam

416 3173 568 3232 hortatur
589 3189 627 3233 ne
646 3175 798 3249 populum
814 3175 855 3233 ad
871 3175 992 3235 tributa
1017 3192 1133 3250 cogere
1154 3175 1291 3236 dubitet.

416 3286 554 3356 Etenim,
572 3288 684 3362 regina
705 3287 824 3349 latente
838 3305 872 3350 se
887 3307 951 3350 non
965 3307 1060 3366 posse
1071 3293 1149 3350 tunc
1168 3307 1209 3350 ex
1226 3291 1294 3350 tota

416 3403 510 3474 gente
531 3402 703 3462 concilium
722 3419 914 3474 convocare,
940 3407 1033 3480 cujns
1054 3405 1238 3465 necessaria
1254 3393 1296 3464 sit

454 3647 460 3676 ¹
473 3655 488 3701 J
497 3687 502 3698 .
517 3655 641 3702 Banotnu
655 3652 767 3717 Aryem's.
785 3655 837 3703 Lib.
854 3655 873 3713 Ι,
888 3673 909 3704 c.
929 3661 961 3704 15.
