3048 5046
502 649 546 706 nu
565 664 589 704 s.
610 661 761 705 annuunt}
782 663 857 702 urin
1095 655 1127 714 lp

253 805 308 877 uti,
325 817 415 879 paene
439 801 610 862 submovit.
631 800 687 861 llle
703 801 735 860 in
748 800 914 859 oonrnmni
934 805 1023 859 vesle
1044 805 1133 872 erat,
1160 795 1163 800 ’

250 923 283 978 et
296 933 355 993 per
373 916 504 977 triclinii
521 916 624 992 spatia
638 917 717 988 satis
737 915 822 974 truci
843 913 1013 990 majestate
1046 911 1132 975 fere-

247 1009 355 1092 batur.
372 1031 439 1106 Ego
456 1033 488 1090 in
504 1046 610 1106 genua
624 1030 732 1116 decidi
743 1030 890 1105 supplex,
906 1032 948 1099 et,
965 1029 1027 1088 nisi
1041 1031 1129 1105 quod

211 1181 213 1192 ,
247 1147 410 1222 precantis
426 1146 592 1208 humilitas
608 1146 641 1205 in
654 1147 871 1222 contemptum
882 1146 1012 1216 transit,
1025 1146 1126 1205 etiam

244 1262 381 1337 vestigia
394 1261 588 1320 ambulantis
613 1262 668 1319 aui
693 1260 784 1318 vultu
803 1260 860 1317 aut
884 1260 980 1334 pallio
1007 1260 1124 1319 verris-

247 1355 325 1437 sem.
344 1376 386 1435 At
397 1377 541 1451 juvenis
559 1375 652 1449 cujus
672 1389 731 1447 ego
743 1387 927 1432 sermonem
942 1374 1037 1448 paulo
1053 1375 1132 1434 ante

245 1491 463 1566 captaveram.
475 1489 630 1550 audacius
645 1487 685 1547 ad
701 1486 908 1548 Doromisum
921 1488 1021 1558 uenit,
1034 1504 1129 1548 oscu-

247 1605 394 1679 latusque
411 1604 560 1664 dextram
577 1605 644 1662 tam
668 1602 803 1668 felicem,
827 1602 1033 1678 lepidissimis
1052 1620 1127 1662 ver-

246 1718 355 1779 bisin
384 1719 471 1779 hunc
498 1718 626 1778 modum
661 1719 840 1798 peroravit,
872 1738 887 1775 «
918 1717 956 1778 Et
985 1719 1126 1779 coelesti-

247 1833 307 1894 bus
323 1834 396 1904 diis,
416 1836 447 1893 et
466 1834 589 1893 nostris
610 1833 781 1894 destinatis
804 1827 990 1907 regionibus
1012 1849 1133 1909 paren·
1163 1918 1168 1926 Ι

247 1947 321 2008 dum
339 1950 402 2008 est.
420 1945 513 2008 Felix
535 1964 628 2024 quem
649 1950 788 2010 servitus
803 1948 949 2008 Deorum
967 1950 1000 2007 in
1018 1963 1131 2008 veram

247 2058 432 2123 libertatem
456 2064 609 2124 asseruit.
627 2062 694 2138 Ego
718 2063 876 2124 Fortunae·
888 2063 1014 2123 Numen
1037 2067 1068 2124 et
1082 2079 1135 2142 po

247 2178 383 2238 tentiam
398 2177 604 2251 Protagnnis,
621 2180 716 2254 teque
731 2179 991 2254 dispensatorem
1011 2179 1133 2239 utrius·

248 2305 321 2368 que,
339 2307 469 2368 semper
494 2294 582 2354 veris
605 2293 788 2354 honoribus·
816 2293 914 2366 colui,
939 2309 1068 2369 semper
1096 2295 1129 2352 in

248 2405 405 2466 familiam
433 2409 576 2467 uestram
610 2408 723 2468 venire
754 2407 896 2467 adnixus
927 2423 1015 2476 sum;
1041 2409 1137 2468 certe·

248 2539 313 2582 nun
327 2522 427 2583 invita
444 2522 598 2592 Fortuna,
625 2540 696 2598 quae
710 2523 788 2581 milii
812 2523 875 2582 hoc
890 2522 1072 2598 symbolum
1091 2523 1132 2582 ad

249 2640 281 2696 te
296 2636 395 2707 dedit,
420 2638 456 2696 ut
474 2653 527 2697 me
547 2638 579 2696 in
604 2638 735 2697 domum
757 2654 861 2710 suam,
884 2641 916 2698 et
937 2639 1134 2712 Protagonis

150 2767 153 2772 ·
252 2749 435 2810 clientelam
450 2750 670 2820 adscriberes3
700 2754 802 2818 atne
820 2752 924 2824 pratis
948 2752 980 2810 in
1006 2753 1131 2813 tantam

246 2861 454 2924 ascenderim
478 2866 611 2934 sortem,
634 2864 761 2940 utrique
788 2866 875 2927 mille
895 2867 1002 2942 pundo
1018 2867 1131 2944 optimi

250 2979 356 3038 thuris
372 2994 480 3037 annua
496 2978 667 3039 devotione
677 2980 841 3055 promitto.
864 3000 883 3040 l>

289 3115 304 3146 a
320 3092 398 3153 Haec
413 3093 540 3164 effatus,
558 3093 705 3153 occlusos
720 3094 852 3171 diripuit
861 3097 962 3167 sinus
976 3099 1136 3162 extraxit-

250 3223 311 3283 que
325 3205 518 3266 mirantibus
532 3207 625 3267 nohis
638 3205 713 3269 Deae
728 3208 880 3270 Fortunae
896 3211 1035 3284 signum.
1053 3211 1135 3277 Erat·

249 3323 356 3396 imago
372 3323 576 3397 Protogenie,
594 3339 635 3384 ex
655 3340 755 3385 aurea
775 3325 913 3401 planicie
938 3342 1130 3401 exsurgens

250 3438 284 3496 in
299 3439 392 3513 cujus
411 3438 545 3498 dextera
568 3442 660 3513 parte
683 3440 839 3514 seriptum
853 3442 923 3500 erat
938 3444 1079 3513 Decies;
1100 3441 1134 3502 in

251 3553 383 3615 sinistra
402 3570 480 3615 uero
508 3552 609 3617 nulle.
637 3554 809 3632 Nunquam
832 3537 1006 3617 humanior
1029 3555 1134 3618 Doro-

252 3670 363 3738 misus
387 3673 422 3729 ut
456 3672 567 3744 postea
595 3669 827 3742 intelleximus,
846 3671 914 3730 suit.
932 3669 1025 3732 Certe
1052 3689 1129 3748 por-
