3048 5046
526 642 566 684 nn
586 643 610 685 J.
625 641 774 686 ennornn
795 644 870 687 vrm
1104 637 1138 690 25

257 762 393 823 muitum
417 763 537 838 ambigi
560 765 677 839 polest,
695 780 754 824 neo
771 780 889 837 magno
912 768 1033 826 oonatn
1056 783 1141 842 opus,

257 881 306 937 est
332 880 367 938 ut
395 895 453 939 exv
474 879 544 940 istis
572 879 720 939 versibus
760 881 922 955 intelligas
950 881 1136 942 Barolaium

249 975 364 1054 ‘nescio
390 995 465 1072 quid
491 995 650 1056 aJaoobo
665 995 879 1066 desiderasse,
904 997 972 1056 sive
997 997 1136 1058 fortunae

255 1110 413 1183 angustiis
425 1110 597 1177 laboraret,
617 1112 684 1170 sive
696 1112 787 1186 parvi
799 1113 892 1171 fieret
901 1113 986 1187 apud
998 1113 1135 1174 aulicos.

254 1221 364 1284 Inerat
376 1216 463 1284 enim
482 1226 553 1284 viro
569 1225 727 1285 immensa
749 1225 880 1286 laudum
908 1226 1065 1312 famaeque
1081 1242 1137 1286 ou·

253 1337 339 1412 pide,
354 1337 438 1397 siout
451 1339 483 1398 et
499 1340 567 1413 ipse
582 1339 616 1398 in
632 1339 883 1415 Euphormionis
899 1341 1057 1414 Apologia
1071 1341 1137 1400 tes-

252 1451 1136 1529 tatur¹.ldunumveritatiadversaturquodPhoebus,

252 1567 302 1626 vel
319 1567 425 1642 potius
445 1567 586 1628 Jaoobus
606 1584 623 1628 e
649 1568 715 1628 suis
733 1584 797 1628 non
820 1590 839 1622 «-
859 1570 974 1628 annuit
993 1569 1096 1628 antris
1119 1587 1136 1626 »

251 1682 283 1740 et
294 1679 496 1756 Corydonem
510 1682 672 1758 prolioisoi
688 1699 804 1758 passus
820 1684 882 1742 est.

287 1797 338 1856 nd
352 1798 487 1857 Romam
502 1799 601 1872 igitur
616 1799 747 1858 devenit
761 1798 930 1858 Barolaius
951 1799 1016 1868 ubi,
1035 1802 1134 1874 quum

193 1967 197 1973 .
250 1913 382 1986 propter
421 1914 510 1972 varia
550 1914 694 1988 scripta,
730 1913 855 1972 clarum
900 1915 970 1988 ejus
1016 1928 1133 1972 nomen
1197 1951 1204 1964 ·

249 2028 345 2096 esset,
375 2027 415 2086 ab
442 2027 592 2106 omnibus
616 2029 803 2087 immaniter
831 2030 987 2102 exceptus
1016 2029 1076 2098 est,
1101 2028 1135 2108 et
1162 2025 1166 2029 ’

249 2147 412 2220 praecipue
426 2161 445 2205 a
459 2161 584 2206 summo
599 2145 761 2220 pontifice,
778 2145 879 2205 Paulo
896 2143 1025 2215 Quinte,
1037 2158 1132 2218 quem

247 2261 344 2347 antea
365 2262 403 2321 de
426 2261 569 2322 adventu
591 2277 649 2322 suo
670 2262 842 2321 certiorem
881 2259 1033 2320 feceratt
1063 2257 1131 2319 lmo

247 2373 464 2435 Bellarminus
477 2376 587 2435 odium
602 2376 653 2435 vel
675 2376 893 2448 theologicum
907 2374 1024 2450 deponi
1037 2388 1132 2448 posse

246 2491 437 2551 documento
453 2491 523 2562 suit,
542 2491 596 2566 qui
613 2507 688 2550 eum
710 2493 847 2550 comiter
860 2489 1022 2550 babuerit.
1039 2488 1130 2562 Quod

244 2604 373 2680 quidem
389 2620 427 2664 eo
443 2605 546 2678 magis
568 2603 752 2664 mirandum
777 2604 906 2665 videtur
928 2603 1013 2680 quod
1028 2603 1131 2676 ipsius

244 2716 424 2791 satyricos
440 2723 472 2779 et
487 2720 589 2794 patris
600 2721 721 2794 scripta
738 2721 851 2780 eodem
859 2721 1005 2793 tempore
1019 2719 1130 2779 Romae
1173 2773 1175 2780 ,

242 2827 508 2910 prohibebantur.
524 2834 591 2895 Neo
614 2838 758 2894 moratus
783 2837 832 2894 est
853 2834 1033 2894 Barolaius·
1052 2835 1129 2910 quin

242 2951 396 3014 obsidem.
428 2950 478 3008 sin
506 2949 613 3010 minus
650 2949 724 3009 fidei
759 2950 969 3025 inoorruptae,
1007 2949 1123 3010 saltem

282 3246 409 3311 ¹·Quum
432 3249 573 3305 exercitam,
597 3248 685 3312 inquit,
705 3248 789 3310 primae
809 3249 888 3296 aetalis
911 3245 1069 3296 ambitionem
1094 3248 1124 3298 de

244 3321 326 3371 schole
341 3320 485 3378 attulissem,
500 3320 621 3384 cupiditas
642 3318 746 3366 nominis
762 3325 785 3366 et
804 3318 976 3375 adolescentie,
995 3334 1123 3368 commune

243 3401 413 3456 argumentum
428 3391 459 3439 ad
473 3391 574 3447 famam,
594 3406 671 3439 acrem
688 3389 780 3454 stylum
794 3389 963 3438 obtulerunt.»

279 3459 290 3488 ⁹
307 3482 314 3502 ¹
336 3462 419 3528 Urgeo
433 3462 605 3528 profectionem
619 3477 698 3510 meam
710 3467 829 3526 quantum
842 3460 958 3526 impedita
973 3459 1124 3510 mulierculis

243 3543 267 3583 el
282 3534 417 3583 infantibus
428 3533 520 3583 familia
534 3534 602 3581 sinit.
621 3552 636 3571 ··
841 3593 842 3596 Ἴ

277 3605 390 3670 Epistola
404 3605 428 3654 J.
440 3605 579 3654 Beneuen.
594 3603 707 3670 Arpeois.
719 3603 801 3668 Lngd.
816 3602 871 3652 Bet.
885 3601 925 3652 Ex
937 3601 1034 3654 officina
1045 3603 1123 3654 Fren-

242 3680 300 3726 cisci
316 3676 414 3727 libelii,
425 3693 488 3725 anno
505 3681 567 3726 loto.
