3062 5048
430 645 468 685 nn
488 644 528 684 nn
550 642 694 685 nomnen
715 643 748 684 ln
768 640 934 688 nnaumnu
1090 639 1122 688 63
1143 614 1144 618 Ἰ

243 779 388 839 facinore
399 778 573 836 marcescit
587 776 737 852 quicquid
757 776 797 836 ad
817 780 975 837 terrorem
992 779 1124 838 exiero-

242 913 316 956 rum
328 877 381 954 Dii
398 892 518 954 Siciliae
540 895 660 954 nostrae
675 893 857 952 tribuerant
872 891 892 951 ¹,
909 914 924 947 >›

284 1010 354 1072 Non
371 1009 424 1069 liic
436 1007 555 1078 sabula,
577 1008 713 1068 historia
734 1009 843 1069 verius
863 1008 1015 1080 refertur,
1032 1013 1124 1085 cuius

243 1129 278 1186 in
294 1125 390 1184 iidem
409 1123 512 1183 multa
532 1139 629 1199 quum
643 1125 827 1184 testimonia
842 1127 973 1200 possent
995 1123 1123 1190 adduci,

245 1241 363 1304 suffieit
378 1224 496 1306 utnon
515 1239 584 1298 sine
602 1239 807 1314 pactionibus
822 1239 1127 1315 quibusdam‚negni

243 1373 356 1434 pacem
380 1354 559 1415 Henrioum
589 1356 745 1428 Quantum
775 1369 794 1413 a
823 1355 971 1430 plurimis
997 1356 1127 1430 provin·
1223 1435 1228 1442 .

245 1473 369 1556 ciarum
385 1469 567 1531 rectoribus
583 1470 699 1530 emisse
719 1485 906 1530 memorem.

285 1585 550 1647 Coalescentihus
559 1584 653 1644 maiis
666 1585 698 1643 id
713 1601 813 1644 unum
825 1584 1003 1645 remedium
1017 1584 1128 1646 afferri

245 1676 340 1780 posse
362 1701 534 1762 Cleobulus
560 1702 671 1760 censet
693 1701 720 1760 si
743 1701 859 1770 sielloe,
880 1701 942 1760 hoc
969 1702 1018 1761 est
1044 1718 1127 1776 praa·

245 1820 340 1888 fecti,
376 1817 577 1892 premantur,
599 1831 680 1891 quas
702 1815 810 1876 iucene
839 1816 925 1884 iicet,
954 1815 1030 1874 dum
1057 1832 1128 1876 me-

245 1935 398 1995 minerint
426 1933 476 1993 cui
493 1925 553 2008 soli
568 1933 678 1993 lumen
697 1933 758 2000 hoc
786 1933 933 2004 debeant,
964 1949 1024 1994 nec
1050 1933 1128 1994 caii-

245 2052 349 2125 ginem
366 2049 456 2124 regio
478 2049 548 2109 orbi
563 2048 693 2109 iaciant.
712 2048 860 2122 Quanam
876 2052 1002 2111 ratione
1013 2050 1043 2109 id
1056 2049 1127 2110 fieri

247 2165 524 2242 possii‚inaperio
534 2165 593 2224 est.
603 2164 748 2224 Primum
757 2165 997 2226 numerosiores
1009 2165 1128 2226 Siciliae

245 2289 337 2334 arces
358 2272 552 2335 evertendas
569 2274 672 2348 putat,
689 2274 801 2348 utpote
818 2290 889 2349 quae
904 2289 969 2333 non
983 2274 1126 2343 inutiles,

246 2372 419 2450 solum'sed
433 2391 529 2450 eiiam
541 2387 753 2448 incommodae
769 2389 843 2458 sint,
856 2391 888 2448 et
903 2367 973 2464 [iius
987 2388 1129 2462 praesidii

165 2487 167 2492 ¹
245 2503 391 2562 factiosis
414 2517 510 2578 quam
531 2501 724 2562 munimenti
747 2502 879 2575 regibus
897 2516 1026 2577 semper
1040 2515 1129 2575 prae-

246 2619 383 2678 buerint.
411 2617 498 2676 Raro
526 2616 624 2686 enim,
655 2615 810 2676 siciliensi
841 2615 958 2691 populo
987 2615 1128 2673 mentem

241 2733 346 2792 suisse
360 2733 391 2791 in
417 2747 510 2805 reges
531 2746 738 2805 consurgene,
764 2746 822 2790 nec
837 2729 938 2789 ulium
953 2727 1048 2787 civile
1060 2726 1127 2786 bei-

246 2849 313 2907 lum
328 2849 385 2907 aut
399 2848 439 2907 ab
453 2848 596 2908 externis
611 2847 839 2908 illatum'esse.
855 2845 887 2903 in
913 2859 976 2918 quo
996 2857 1061 2901 non
1087 2843 1127 2900 is·

247 2967 354 3025 iarum
374 2965 497 3025 arcium
513 2963 642 3040 plunimi
659 2963 802 3022 rectores
831 2977 850 3020 a
878 2963 1005 3035 sceptro
1035 2958 1126 3018 deie-

247 3083 363 3143 cenint.
391 3079 543 3152 Quodne
564 3078 587 3137 ii
603 3077 730 3154 quidem
755 3075 961 3135 dissimulant
976 3074 1030 3150 qui
1056 3073 1128 3150 post

215 3238 219 3243 -
247 3197 404 3257 factiones
420 3194 460 3254 ad
486 3193 608 3256 foedera
624 3209 697 3254 oum
724 3207 800 3265 nege
819 3189 1028 3257 descendunt,
1051 3186 1127 3244 dum

284 3677 328 3736 ¹01.
345 3682 474 3734 Binum
486 3681 605 3745 Aryeui's.
621 3677 676 3728 Lib.
689 3677 768 3736 111,c.
784 3683 804 3724 i.
