3048 5046
398 625 429 676 12
617 635 658 676 bn
681 635 704 676 J.
728 636 878 679 BARCLAII
897 638 1062 680 nuenbret-t

396 766 482 825 rexit
491 764 603 838 juveni
621 779 764 837 inanum,
778 768 810 826 et
833 766 1016 840 gratulatus
1036 768 1086 827 est
1105 768 1144 828 de
1159 768 1278 842 indole,

398 882 430 940 et
444 856 585 952 ingenio,
600 879 702 956 deque
725 881 843 940 ceteris
865 879 1041 942 virtutibus
1057 898 1138 958 quas
1163 898 1277 944 ornnes

397 995 428 1052 in
452 994 513 1054 boc
529 994 652 1077 legerat
664 1010 760 1066 aur0;
775 994 996 1072 advocatoque
1008 996 1126 1071 scriba,
1144 998 1279 1073 publicis

395 1089 619 1170 instrumentis
650 1111 870 1180 sacerdotium
907 1125 978 1170 curn
1017 1109 1173 1170 tribunali
1205 1111 1277 1170 dari

395 1226 505 1298 jussit.

440 1339 535 1399 «Post
547 1339 617 1399 baec
626 1355 685 1414 ego
695 1340 946 1416 lentispassibus
959 1340 999 1400 ad
1015 1338 1178 1400 Doromisi
1191 1340 1277 1400 latus

394 1454 479 1525 veni,
498 1456 539 1524 et,
562 1455 740 1530 composito
759 1455 862 1526 vultu,
884 1471 925 1515 ne
947 1454 1052 1530 ipsum
1074 1469 1140 1513 non
1162 1454 1277 1514 timere

394 1569 523 1629 viderer
547 1585 554 1626 z
582 1567 660 1643 Ego,
683 1569 827 1645 inquam,
856 1569 963 1628 minus
990 1567 1160 1643 explicabo
1186 1583 1275 1628 meas

396 1683 498 1754 dotes,
523 1683 676 1759 quoniam
702 1683 794 1744 vobis
819 1683 880 1742 diis
910 1683 1019 1744 omnia
1041 1684 1162 1758 patent.
1180 1675 1275 1742 Cetess

396 1812 468 1857 rum
497 1796 657 1856 industria
681 1813 755 1857 mea
780 1797 913 1872 perfeci,
935 1813 975 1856 ne
1006 1796 1078 1873 quis
1102 1798 1198 1866 esset,
1225 1798 1276 1858 cui

355 1909 365 1919 ’
398 1910 498 1971 Musae
523 1910 685 1987 profusius
712 1911 751 1972 de
773 1911 921 1971 artificiis
944 1911 1011 1970 suis
1038 1910 1275 1986 dispensarent.

399 2026 476 2099 Quae
491 2042 544 2100 res
560 2027 585 2085 si
597 2043 648 2086 rne
663 2027 852 2101 protegunt,
864 2025 928 2086 tuis
942 2025 1097 2102 auspiciis
1112 2040 1280 2084 commen-

399 2141 498 2214 dabit,
507 2144 538 2202 et
551 2157 609 2218 per
621 2142 707 2201 bunc
718 2156 769 2200 me
783 2141 853 2201 Dea
862 2140 1007 2200 Fortuna
1021 2140 1183 2216 respiciet,
1194 2141 1277 2201 nibil

399 2258 505 2332 majus
526 2256 605 2316 rnihi
627 2256 835 2332 imputaverit
856 2255 981 2332 Apollo,
998 2272 1094 2332 quarn
1115 2257 1199 2333 quod
1218 2257 1279 2333 ipsi

398 2373 465 2432 tarn
475 2373 624 2446 pretiosae
634 2372 800 2432 servitutis
811 2372 949 2446 gratiam
967 2372 1069 2432 debeo
1081 2373 1213 2435 .Audito
1227 2373 1280 2434 ille

400 2485 532 2552 artificii
554 2489 695 2558 nornine,
722 2487 843 2546 diutius
868 2486 983 2565 baesit„
1006 2492 1038 2547 et
1056 2503 1152 2563 quam
1176 2490 1279 2548 artem

400 2601 583 2677 profiterer,
601 2602 745 2676 diligenti
768 2601 947 2661 attentione
967 2601 1152 2676 quaesivit...
1188 2601 1280 2662 Tunc
1328 2618 1331 2626 ·

401 2722 474 2776 eno,
486 2707 651 2769 intellecto
666 2707 997 2779 nominiserrore,n1e
1012 2707 1155 2767 modeste
1171 2707 1276 2766 artili·
1373 2765 1376 2770 .

400 2837 551 2883 comesse
563 2823 691 2898 negavi,
706 2823 828 2899 aliquid
843 2822 983 2882 nobilius
997 2823 1168 2897 parentum
1179 2823 1280 2883 sortu-

400 2951 478 2996 nam
496 2938 664 3013 aperuisse
679 2938 770 3010 mibi,
783 2939 815 2998 et
825 2937 1018 3012 ingeniuma
1031 2937 1118 3012 vulgi
1132 2938 1281 2999 sordibus

401 3051 573 3110 secretum.
589 3049 639 3110 Me
654 3051 771 3111 litteris
791 3067 863 3111 esse
885 3053 1060 3126 excultum,
1082 3067 1133 3111 me
1153 3053 1279 3111 naturae

401 3147 637 3224 humanitatem
658 3165 784 3224 mitium
800 3167 981 3227 studiorum
994 3165 1165 3242 disciplina
1178 3180 1278 3240 expo-

400 3278 524 3340 livisse.
543 3280 661 3341 Audito
674 3280 727 3340 ille
743 3280 934 3343 Scholastici
950 3284 1080 3344 nomine
1099 3283 1277 3357 fastidioso,

401 3395 540 3471 primum
554 3399 636 3456 nutu
650 3399 820 3458 aversatus
842 3401 890 3458 est
908 3401 1113 3475 perorantem
1131 3416 1136 3458 :
1153 3414 1192 3458 ac
1211 3415 1281 3474 mo-

403 3511 475 3570 dico
489 3511 604 3572 deinde
628 3512 697 3571 risu
714 3514 784 3587 jam
799 3514 970 3590 trepidum,
984 3516 1053 3590 jam
1079 3514 1278 3590 pavitantem

404 3628 617 3701 perstrinxit:
639 3629 671 3688 et
690 3643 803 3712 cuma
827 3630 926 3691 seculi
956 3629 1115 3689 industria
1139 3629 1279 3689 alienum
