3062 5048
441 619 482 660 DE
501 619 542 663 RE
563 619 706 663 POLITICA
725 622 756 664 IN
772 623 945 666 .ARGENIDE
1099 618 1129 668 61

253 751 362 836 facilia
378 752 411 810 in
434 754 501 812 toto
517 767 615 828 opere
634 753 825 829 exsequitur
839 753 1020 814 Barclaius
1039 756 1131 828 Quae-

250 869 325 928 dam
338 871 446 928 tamen
469 868 601 929 definita
620 869 723 944 magis
738 871 944 946 amplectitur
956 887 998 931 ex
1013 872 1130 948 quibus

249 999 354 1058 neque
377 984 498 1058 ingenii
514 999 662 1057 acumen,
681 1000 786 1060 neque
801 1001 910 1046 rerum
927 986 1129 1062 politicarum

248 1099 417 1160 scientiam
434 1100 567 1186 omnino
581 1099 611 1158 ei
626 1099 769 1160 defuisse
788 1100 925 1175 intelligi
941 1103 1058 1176 potest.
1073 1097 1127 1174 ‘Ex

245 1213 296 1273 his
312 1214 376 1274 duo
388 1214 580 1290 praesertim,
601 1231 700 1274 unum
724 1215 808 1292 quod
824 1231 917 1276 arces
928 1217 1127 1293 castellaque

246 1328 1126 1400 ambitionismunimentaexscindantur,alterumrero

247 1443 331 1519 quod
349 1458 468 1517 magna
481 1443 617 1519 imperia
633 1458 801 1520 nunquam
825 1444 979 1504 diuturna
994 1445 1069 1516 sint,
1085 1444 1125 1504 ab

247 1573 285 1619 eo
299 1557 506 1618 ornatissime
521 1558 769 1619 morationibus
783 1557 1126 1620 CleobuliadMelean-

246 1650 339 1733 drum
355 1673 519 1749 disputata
534 1674 619 1734 sunt.
643 1673 765 1750 Nempe
793 1673 980 1734 Meleandro
1003 1674 1127 1753 [recens

245 1789 351 1850 adhuc
366 1792 437 1850 erat
453 1788 612 1850 malorum
627 1787 757 1868 imago),
773 1791 911 1851 sollicito
927 1788 1127 1851 Cleobulum-

245 1921 307 1982 que
336 1905 535 1978 consulenti,
574 1906 600 1965 is
624 1905 664 1966 de
689 1907 737 1967 rei
773 1906 910 1981 publicae
936 1909 1023 1967 statu
1049 1906 1125 1982 quid

243 2021 689 2092 sentiat‚deolarare,etvelut
697 2023 787 2095 regni
797 2021 1124 2098 figuramexprimere

245 2153 311 2198 non
325 2137 461 2207 dubitat,
479 2138 591 2213 inqua
607 2135 722 2196 Galliae
738 2135 849 2196 civiles
862 2138 968 2197 motus
985 2135 1044 2196 sub
1064 2135 1123 2196 Oa-

243 2251 313 2312 rolo
328 2250 433 2323 Noun,
448 2251 589 2312 Henrioo
609 2250 730 2322 Tertio,
746 2249 846 2310 Henrt
869 2249 1004 2323 Quarto.
1020 2249 1125 2310 Ludo·

241 2359 378 2434 viceque
394 2357 503 2418 Tertio
518 2357 663 2429 Decimo,
674 2371 853 2430 agnoscere
866 2372 932 2416 non
947 2355 1122 2432 quidquam

242 2473 362 2549 negotii
382 2473 434 2533 sit.
447 2473 594 2532 Lenitate
614 2471 795 2532 Meleandri
814 2471 956 2531 fatorum
973 2470 1123 2544 maligni-

240 2590 340 2648 tatem
365 2588 398 2646 in
418 2587 530 2662 patriae
555 2586 679 2646 cladem
701 2586 835 2646 abusam
851 2600 922 2645 esse
942 2586 1120 2644 asseverat.

242 2725 254 2756 u
288 2702 381 2762 Illam
429 2702 639 2772 facilitatem,
681 2701 769 2760 illam
798 2699 1041 2774 indulgentiam
1087 2699 1121 2758 in

241 2839 257 2870 »
279 2819 458 2892 magnates,
472 2817 562 2877 illam
590 2797 766 2876 Meleandri
791 2815 1058 2889 superiorumque
1070 2829 1122 2873 re-

240 2952 255 2990 s
281 2948 356 3008 gum
371 2935 403 2993 in
424 2950 479 2995 eos
503 2934 724 3009 profusionem
738 2932 919 3008 prodidisse
941 2929 1120 3006 praecipuas

238 3069 254 3102 »
276 3039 403 3124 imperii
425 3049 522 3122 vires,
539 3049 771 3125 aperuisseque
788 3048 919 3124 injuriis
935 3047 1126 3125 despectam

236 3165 476 3240 »dignitatem
497 3189 510 3218 u
527 3165 609 3225 'lum
638 3164 816 3224 factionum
840 3163 1000 3223 cunabula
1028 3161 1118 3236 inge-

236 3281 389 3358 niumque
421 3282 590 3357 percenset
629 3278 820 3350 Cleobulus,
853 3281 949 3356 atque
991 3279 1117 3338 animos

235 3395 427 3469 optimatum
454 3395 609 3456 describit
642 3395 695 3471 qui
721 3417 737 3449 «
755 3394 790 3454 ut
811 3393 1028 3454 reverentiam
1055 3391 1117 3450 sibi

234 3511 419 3575 concilient.
449 3511 481 3571 et
512 3510 588 3586 quid
609 3509 743 3586 possint,
767 3523 876 3583 regem
897 3508 1116 3578 admoneant,

232 3631 383 3703 quaerunt
409 3626 596 3688 offensionis
621 3628 801 3695 materiem,
827 3627 859 3687 et
882 3625 983 3700 gratis
1005 3624 1119 3684 ineunt
