3062 5048
430 634 464 688 ts
642 645 685 686 ne
712 647 736 686 J.
758 643 909 688 nnucunu
929 645 1095 688 anunsmu

428 781 582 840 clientum
601 795 735 839 suorum
755 779 888 839 vocibus
916 780 949 838 in
964 779 1026 838 hac
1048 779 1225 841 ambitione
1244 782 1310 842 tre-

428 895 626 971 quentihus;
657 899 692 955 nt
714 867 872 972 dicerent,
902 893 1117 967 languescens
1142 895 1204 954 sub
1235 896 1308 956 Bri·

428 1010 581 1074 tomande
611 1011 782 1086 imperium
805 1025 826 1068 a
851 1012 985 1070 strenuo
1005 1009 1137 1069 homine
1161 1012 1310 1072 excitan-

429 1127 519 1187 dum.
546 1126 623 1186 Plus
652 1142 791 1201 regnum
820 1125 1072 1198 Commindorigi
1107 1125 1307 1203 debiturum,

426 1257 524 1318 quam
552 1243 842 1316 Commindorigem
873 1256 987 1315 regno,
1011 1241 1039 1300 si
1062 1241 1093 1300 id
1117 1244 1146 1300 ei
1163 1243 1309 1318 placeret

425 1355 599 1431 auspicari.
615 1357 736 1417 Parum
751 1359 911 1418 interesse
924 1356 1146 1415 Britomandis
1159 1357 1200 1416 ad
1216 1360 1308 1432 regia

425 1469 536 1529 munia
550 1469 663 1546 inepti,
687 1487 725 1532 ac
743 1475 903 1548 praterea
922 1471 1009 1529 virili
1034 1470 1125 1546 prole
1148 1472 1303 1541 carentis,

424 1601 488 1661 quo
503 1585 633 1647 nomine
655 1587 847 1663 appelletur.
869 1582 1163 1659 Commindorigem
1179 1601 1245 1644 non
1257 1601 1308 1645 so·

423 1702 490 1763 lum
506 1719 549 1763 ex
562 1705 666 1778 prima
677 1704 860 1773 nobilitate,
870 1703 927 1763 sed
937 1703 1209 1780 praetereauirnm
1218 1719 1303 1764 esse.

423 1816 561 1894 Jamque
576 1819 664 1878 haud
678 1807 790 1894 procul
806 1817 847 1878 ab
863 1817 954 1878 exitu
976 1819 1071 1877 erant
1093 1816 1214 1876 furiosa
1228 1833 1306 1877 con-

424 1931 508 1992 silia.
530 1931 707 1994 Dicebatur
723 1932 886 2006 tyrannus
911 1930 1036 2004 agitare
1055 1946 1119 2006 quo
1143 1930 1305 1992 tutissime

424 2049 626 2108 munimento
648 2048 720 2108 Rex
733 2063 807 2107 cmn
836 2061 896 2106 sua
917 2044 1090 2105 Timandra
1115 2046 1301 2118 teneretur;

422 2189 494 2248 quae
504 2174 544 2232 ad
555 2152 668 2258 eorum
680 2172 802 2231 uictum
811 2167 983 2243 vectigalia
993 2167 1217 2243 relinquenda,
1228 2169 1301 2243 quis

421 2289 551 2364 utrique
564 2287 748 2357 comitatus
760 2300 873 2361 quaeve
885 2284 1043 2344 custodia.
1061 2283 1151 2342 Adeo
1165 2283 1302 2360 denique

421 2401 616 2478 despexerat
634 2403 798 2475 jacentem
820 2398 1073 2464 Britomandem,
1091 2400 1127 2459 ut
1148 2398 1302 2474 perplexe

419 2516 555 2576 auderet
565 2515 738 2587 sciscitari,
754 2529 797 2574 an
811 2513 995 2589 relinquere
1008 2514 1095 2573 ultro
1110 2515 1219 2589 posset
1234 2517 1299 2574 tam

421 2645 521 2706 grave
559 2631 593 2691 et
623 2629 795 2690 molestum
835 2628 974 2702 negotiis
1004 2630 1131 2703 regium
1167 2645 1297 2691 nomen.

420 2745 545 2823 Quippe
567 2749 659 2808 ratus
684 2745 820 2805 multum
844 2743 905 2803 sibi
928 2744 1138 2805 decessurum
1158 2745 1298 2807 invidiae.

339 2879 342 2884 ·
420 2860 448 2920 si
466 2859 496 2920 id
512 2875 531 2918 a
548 2861 677 2920 uolente
692 2831 940 2936 impetravisset.
958 2863 966 2894 ¹
983 2880 999 2912 »

459 2973 605 3036 Mirabile
620 2977 670 3036 est
684 2976 845 3052 quomodo
861 2975 968 3034 omnia
981 2975 1051 3035 haec
1065 2975 1152 3035 inter
1166 2991 1201 3034 se
1218 2990 1300 3034 con-

417 3093 549 3165 gruant,
566 3089 818 3166 Guisiorumque
842 3090 876 3149 in
904 3105 1015 3164 regem
1035 3113 1051 3144 «
1074 3087 1299 3150 monachalem

416 3219 571 3268 coronam
604 3228 617 3258 n
654 3183 871 3266 minitantium
904 3207 1041 3267 consilia
1076 3206 1296 3280 designentur.

418 3321 548 3384 Scilicet
562 3322 700 3382 alterum
723 3319 959 3395 Menandrum,
982 3321 1121 3386 alterum
1142 3321 1174 3382 et
1192 3321 1304 3396 Lyce.

417 3451 530 3511 genem
548 3435 716 3496 habemus
785 3511 787 3514 Ι

456 3686 500 3740 ¹J.
516 3690 642 3740 Baucnnn
657 3685 769 3754 deponis.
786 3688 841 3738 Lib.
856 3689 904 3739 IV.
922 3686 989 3754 Cap.
1010 3694 1035 3738 tt
