3048 5046
336 744 340 750 ,
438 682 471 735 28
655 695 697 736 on
719 694 743 735 J.
764 695 914 738 annonem
935 693 1100 736 insumus

437 823 629 883 eruditionis
644 823 731 883 lama
744 823 927 894 clariorem,
942 815 1161 884 oum-homine
1179 820 1318 881 obscuro

438 951 477 998 ac
505 939 625 998 nullius
649 940 716 1006 sere
729 941 875 1014 ingenii,
897 941 940 1010 et,
957 942 992 999 ut
1007 939 1077 1014 ipsa
1100 937 1238 1008 dicebat,
1252 953 1318 1012 pae-

437 1055 561 1130 dagogo
582 1058 732 1132 componi
748 1057 769 1115 ¹.
795 1077 809 1112 n
830 1057 934 1117 Aliam
954 1069 1086 1116 causam
1111 1054 1261 1127 imaginis
1278 1053 1319 1112 is-

437 1171 503 1230 tius
523 1171 711 1250 amovendae
734 1171 833 1231 iuisse
860 1174 971 1231 censet
1000 1168 1193 1245 Imperialis,
1219 1142 1317 1243 quam

438 1300 457 1343 a
472 1285 623 1345 Patribus
647 1285 807 1345 sublatam
822 1301 861 1345 ac
881 1285 1020 1345 delatam
1035 1283 1176 1343 affirmat
1189 1282 1319 1358 propte-

438 1415 496 1460 rea
511 1400 595 1475 quod
608 1400 793 1460 Barolaium
805 1400 1000 1460 catholicam
1012 1398 1107 1459 fidem
1117 1413 1184 1464 non
1196 1412 1238 1456 ex
1250 1396 1320 1456 ani·

437 1531 501 1586 mo,
516 1531 629 1576 verum
645 1516 887 1576 dissimulanter
901 1515 1046 1591 profiteri
1059 1512 1319 1588 suspicarentur.

437 1630 572 1692 Difficile
589 1633 686 1692 estin
708 1648 743 1692 re
754 1636 820 1692 tam
835 1632 962 1692 incerta
981 1646 1092 1690 verum
1119 1629 1315 1705 disquirere.

437 1746 522 1806 Fieri
536 1748 641 1822 potuit
652 1748 787 1818 scilicet,
801 1748 884 1807 siout
898 1747 1014 1823 etipse
1025 1745 1159 1821 Baylius
1170 1743 1318 1818 subjecit,

438 1866 483 1934 ut,
501 1878 544 1922 ex
567 1863 607 1922 iis
629 1879 701 1939 quae
734 1863 853 1923 litteris
880 1862 1108 1932 commisisset,
1136 1860 1318 1948 Barolaius,

440 1977 552 2057 (libros
568 1980 653 2039 anim
666 1980 790 2056 aliquoi
802 1980 929 2039 tantum
943 1978 1111 2038 inchoatos
1132 1976 1170 2035 de
1184 1975 1321 2034 historia

436 2095 640 2173 reliquerat¹)
660 2111 733 2155 eum
754 2095 944 2155 haereticum
958 2093 1072 2153 intimo
1083 2091 1180 2152 corde
1196 2091 1317 2150 vixisse

437 2211 637 2284 apparuerit,
660 2211 692 2269 et
719 2209 840 2270 idcirco
868 2223 981 2284 poenas
1007 2208 1047 2268 de
1070 2206 1195 2266 tumulo
1220 2205 1319 2265 luisse

438 2327 594 2400 sumptas.
605 2325 730 2388 Forsan
745 2328 777 2386 et
790 2325 858 2386 sola
870 2324 1038 2385 muliebris
1051 2325 1209 2397 iactantia
1222 2337 1323 2383 causa

437 2439 497 2500 init
517 2456 575 2501 cur
590 2440 724 2501 Sanctae
738 2437 974 2514 inquisitionis
983 2439 1142 2514 iudicium
1152 2439 1246 2498 otiosi
1261 2438 1324 2496 ori-

436 2555 652 2615 minarentur.
675 2556 798 2616 Rumor
823 2557 910 2615 cerie
933 2555 1089 2619 manavit.
1108 2553 1321 2630 scriptoribus

436 2673 630 2748 quibusdam
669 2673 879 2732 circumlatus
906 2677 936 2743 ³,
975 2670 1163 2731 Barclaium
1203 2685 1320 2731 revera

436 2789 580 2861 atheum,
593 2785 690 2864 hujus
701 2789 864 2849 haereseos
886 2787 1047 2846 fautorem
1064 2801 1193 2861 semper
1208 2785 1321 2854 fuisse,

437 2905 529 2980 cujus
552 2904 711 2980 discipuli,
733 2904 889 2977 gentium,
917 2902 1106 2977 intorques
1133 2901 1320 2966 versantur,

436 3019 585 3092 religioni
595 3034 666 3079 sese
677 3018 935 3079 accommodant.
948 3016 1096 3076 Idautam
1105 3015 1323 3090 scriptisejus

436 3131 560 3193 iaciant
586 3117 613 3192 si
641 3134 748 3200 fidem,
778 3133 922 3208 exceptis
948 3133 986 3191 iis
1011 3148 1083 3208 quae
1106 3131 1145 3190 de
1166 3129 1323 3204 religione

438 3239 616 3315 composita
632 3243 718 3313 sunt,
745 3254 850 3314 neque
875 3239 1017 3300 ommino
1042 3237 1241 3307 confirmari,
1266 3251 1323 3295 ne-

437 3370 499 3431 que
524 3355 603 3414 satis
625 3355 728 3414 refelli
754 3354 894 3415 videtur.
917 3354 1046 3415 Eiram
1069 3355 1095 3414 si
1118 3370 1159 3414 ex
1183 3351 1320 3412 veritate

475 3603 481 3633 ¹
496 3611 587 3660 Nicius
602 3611 780 3662 Enrunnmus.

473 3675 484 3706 ¹
499 3679 535 3730 Dc
548 3683 606 3732 balio
620 3698 687 3732 cnoro
709 3678 766 3743 (Les
782 3677 926 3745 croisades).
945 3680 1025 3733 Storia
1038 3681 1173 3748 d’Europa.

474 3746 485 3776 ²
500 3750 623 3803 Lonnnzo
637 3750 751 3806 Gnisso.
896 3759 898 3763 '
