<?xml version="1.0" encoding="UTF-8"?>
<!DOCTYPE html PUBLIC "-//W3C//DTD XHTML 1.0 Transitional//EN"
    "http://www.w3.org/TR/xhtml1/DTD/xhtml1-transitional.dtd">
<html xmlns="http://www.w3.org/1999/xhtml" xml:lang="en" lang="en">
 <head>
  <title>
</title>
<meta http-equiv="Content-Type" content="text/html;charset=utf-8" />
  <meta name='ocr-system' content='tesseract 3.04.00' />
  <meta name='ocr-capabilities' content='ocr_page ocr_carea ocr_par ocr_line ocrx_word'/>
</head>
<body>
  <div class='ocr_page' id='page_1' title='image "./dejoannisbarcla00boucgoog_0055.png"; bbox 0 0 3062 5048; ppageno 0'>
   <div class='ocr_carea' id='block_1_1' title="bbox 408 651 1068 706">
    <p class='ocr_par' dir='ltr' id='par_1_1' title="bbox 408 651 1068 706">
     <span class='ocr_line' id='line_1_1' title="bbox 408 651 1068 706; baseline 0.005 -3"><span class='ocrx_word' id='word_1_1' title='bbox 408 651 441 703; x_wconf 71' lang='lat'>42</span> <span class='ocrx_word' id='word_1_2' title='bbox 627 661 667 703; x_wconf 81' lang='lat' dir='ltr'>mc</span> <span class='ocrx_word' id='word_1_3' title='bbox 687 663 711 704; x_wconf 84' lang='lat' dir='ltr'>r.</span> <span class='ocrx_word' id='word_1_4' title='bbox 734 660 883 705; x_wconf 66' lang='lat' dir='ltr'>eruerem</span> <span class='ocrx_word' id='word_1_5' title='bbox 903 663 1068 706; x_wconf 63' lang='lat' dir='ltr'>cucumer:</span> 
     </span>
    </p>
   </div>
   <div class='ocr_carea' id='block_1_2' title="bbox 407 793 1382 1440">
    <p class='ocr_par' dir='ltr' id='par_1_2' title="bbox 407 793 1382 1440">
     <span class='ocr_line' id='line_1_2' title="bbox 409 793 1287 873; baseline 0.013 -23"><span class='ocrx_word' id='word_1_6' title='bbox 409 793 472 852; x_wconf 80' lang='lat' dir='ltr'>cati</span> <span class='ocrx_word' id='word_1_7' title='bbox 499 793 574 862; x_wconf 85' lang='lat' dir='ltr'>sint,</span> <span class='ocrx_word' id='word_1_8' title='bbox 591 793 844 854; x_wconf 78' lang='lat' dir='ltr'>attendendum.</span> <span class='ocrx_word' id='word_1_9' title='bbox 879 793 989 855; x_wconf 78' lang='lat' dir='ltr'>Multis</span> <span class='ocrx_word' id='word_1_10' title='bbox 1021 797 1107 856; x_wconf 92' lang='lat' dir='ltr'>euim</span> <span class='ocrx_word' id='word_1_11' title='bbox 1134 798 1287 873; x_wconf 78' lang='lat' dir='ltr'>placitum</span> 
     </span>
     <span class='ocr_line' id='line_1_3' title="bbox 407 911 1289 987; baseline 0.006 -18"><span class='ocrx_word' id='word_1_12' title='bbox 407 912 468 979; x_wconf 84' lang='lat' dir='ltr'>est,</span> <span class='ocrx_word' id='word_1_13' title='bbox 493 912 525 968; x_wconf 85' lang='lat' dir='ltr'>et</span> <span class='ocrx_word' id='word_1_14' title='bbox 553 911 736 985; x_wconf 77' lang='lat' dir='ltr'>percrebuit</span> <span class='ocrx_word' id='word_1_15' title='bbox 756 911 876 987; x_wconf 83' lang='lat' dir='ltr'>opinio,</span> <span class='ocrx_word' id='word_1_16' title='bbox 904 914 963 974; x_wconf 86' lang='lat' dir='ltr'>sub</span> <span class='ocrx_word' id='word_1_17' title='bbox 988 913 1071 974; x_wconf 81' lang='lat' dir='ltr'>lictis</span> <span class='ocrx_word' id='word_1_18' title='bbox 1103 913 1289 975; x_wconf 83' lang='lat' dir='ltr'>nominibus</span> 
     </span>
     <span class='ocr_line' id='line_1_4' title="bbox 407 1023 1382 1103; baseline 0.009 -21"><span class='ocrx_word' id='word_1_19' title='bbox 407 1023 592 1083; x_wconf 86' lang='lat' dir='ltr'>Berclaium</span> <span class='ocrx_word' id='word_1_20' title='bbox 606 1027 638 1084; x_wconf 90' lang='lat' dir='ltr'>in</span> <span class='ocrx_word' id='word_1_21' title='bbox 653 1028 828 1100; x_wconf 79' lang='lat' dir='ltr'>Arpenide</span> <span class='ocrx_word' id='word_1_22' title='bbox 844 1027 1032 1088; x_wconf 59' lang='lat' dir='ltr'>historicam</span> <span class='ocrx_word' id='word_1_23' title='bbox 1051 1045 1120 1089; x_wconf 89' lang='lat' dir='ltr'>rem</span> <span class='ocrx_word' id='word_1_24' title='bbox 1132 1030 1289 1103; x_wconf 82' lang='lat' dir='ltr'>attigisse,</span> <span class='ocrx_word' id='word_1_25' title='bbox 1379 1045 1382 1054; x_wconf 66' lang='lat'><strong>⁴</strong></span> 
     </span>
     <span class='ocr_line' id='line_1_5' title="bbox 408 1137 1291 1220; baseline 0.008 -21"><span class='ocrx_word' id='word_1_26' title='bbox 408 1140 441 1199; x_wconf 84' lang='lat' dir='ltr'>et</span> <span class='ocrx_word' id='word_1_27' title='bbox 463 1137 577 1199; x_wconf 82' lang='lat' dir='ltr'>Gallici</span> <span class='ocrx_word' id='word_1_28' title='bbox 594 1141 686 1214; x_wconf 85' lang='lat' dir='ltr'>regni</span> <span class='ocrx_word' id='word_1_29' title='bbox 710 1148 816 1202; x_wconf 80' lang='lat' dir='ltr'>molus</span> <span class='ocrx_word' id='word_1_30' title='bbox 843 1143 1015 1220; x_wconf 83' lang='lat' dir='ltr'>civiliaque</span> <span class='ocrx_word' id='word_1_31' title='bbox 1033 1145 1118 1204; x_wconf 84' lang='lat' dir='ltr'>bella</span> <span class='ocrx_word' id='word_1_32' title='bbox 1141 1146 1291 1206; x_wconf 85' lang='lat' dir='ltr'>oratione</span> 
     </span>
     <span class='ocr_line' id='line_1_6' title="bbox 407 1252 1292 1328; baseline 0.01 -18"><span class='ocrx_word' id='word_1_33' title='bbox 407 1252 547 1326; x_wconf 82' lang='lat' dir='ltr'>figurata</span> <span class='ocrx_word' id='word_1_34' title='bbox 566 1254 818 1328; x_wconf 81' lang='lat' dir='ltr'>exprompsisse.</span> <span class='ocrx_word' id='word_1_35' title='bbox 842 1253 987 1326; x_wconf 86' lang='lat' dir='ltr'>Quorum</span> <span class='ocrx_word' id='word_1_36' title='bbox 1016 1257 1042 1314; x_wconf 86' lang='lat' dir='ltr'>si</span> <span class='ocrx_word' id='word_1_37' title='bbox 1065 1256 1186 1316; x_wconf 84' lang='lat' dir='ltr'>rationi</span> <span class='ocrx_word' id='word_1_38' title='bbox 1210 1259 1292 1320; x_wconf 81' lang='lat' dir='ltr'>fides</span> 
     </span>
     <span class='ocr_line' id='line_1_7' title="bbox 408 1361 1291 1440; baseline 0 -13"><span class='ocrx_word' id='word_1_39' title='bbox 408 1361 589 1428; x_wconf 82' lang='lat' dir='ltr'>adhibenda</span> <span class='ocrx_word' id='word_1_40' title='bbox 605 1363 656 1434; x_wconf 84' lang='lat' dir='ltr'>sit,</span> <span class='ocrx_word' id='word_1_41' title='bbox 680 1363 719 1422; x_wconf 92' lang='lat' dir='ltr'>de</span> <span class='ocrx_word' id='word_1_42' title='bbox 735 1365 921 1438; x_wconf 82' lang='lat' dir='ltr'>nominibus</span> <span class='ocrx_word' id='word_1_43' title='bbox 942 1367 1135 1440; x_wconf 79' lang='lat' dir='ltr'>argenideeis</span> <span class='ocrx_word' id='word_1_44' title='bbox 1160 1368 1291 1427; x_wconf 90' lang='lat' dir='ltr'>miuime</span> 
     </span>
    </p>
   </div>
   <div class='ocr_carea' id='block_1_3' title="bbox 410 1481 1293 1558">
    <p class='ocr_par' dir='ltr' id='par_1_3' title="bbox 410 1481 1293 1558">
     <span class='ocr_line' id='line_1_8' title="bbox 410 1481 1293 1558; baseline 0.006 -15"><span class='ocrx_word' id='word_1_45' title='bbox 410 1482 529 1557; x_wconf 83' lang='lat' dir='ltr'>ambigi</span> <span class='ocrx_word' id='word_1_46' title='bbox 543 1483 659 1558; x_wconf 85' lang='lat' dir='ltr'>potest.</span> <span class='ocrx_word' id='word_1_47' title='bbox 674 1481 796 1558; x_wconf 84' lang='lat' dir='ltr'>Nempe</span> <span class='ocrx_word' id='word_1_48' title='bbox 812 1484 960 1545; x_wconf 87' lang='lat' dir='ltr'>volunta</span> <span class='ocrx_word' id='word_1_49' title='bbox 981 1484 1151 1546; x_wconf 84' lang='lat' dir='ltr'>Pcliarclro</span> <span class='ocrx_word' id='word_1_50' title='bbox 1165 1491 1293 1548; x_wconf 75' lang='lat' dir='ltr'>Hemi—</span> 
     </span>
    </p>
   </div>
   <div class='ocr_carea' id='block_1_4' title="bbox 375 1605 1336 1798">
    <p class='ocr_par' dir='ltr' id='par_1_4' title="bbox 375 1605 1336 1798">
     <span class='ocr_line' id='line_1_9' title="bbox 410 1605 1336 1680; baseline -0.001 -11"><span class='ocrx_word' id='word_1_51' title='bbox 410 1616 488 1661; x_wconf 54' lang='grc' dir='ltr'>σαφῆ</span> <span class='ocrx_word' id='word_1_52' title='bbox 503 1605 710 1680; x_wconf 73' lang='lat' dir='ltr'>Quartum,a</span> <span class='ocrx_word' id='word_1_53' title='bbox 724 1607 1112 1670; x_wconf 68' lang='lat' dir='ltr'>Meleaudrchurccum</span> <span class='ocrx_word' id='word_1_54' title='bbox 1128 1609 1289 1677; x_wconf 70' lang='lat' dir='ltr'>Tertium,</span> <span class='ocrx_word' id='word_1_55' title='bbox 1328 1619 1336 1634; x_wconf 61' lang='lat'>‘</span> 
     </span>
     <span class='ocr_line' id='line_1_10' title="bbox 375 1717 1293 1798; baseline -0.008 -15"><span class='ocrx_word' id='word_1_56' title='bbox 375 1741 376 1746; x_wconf 46' lang='lat'>¹</span> <span class='ocrx_word' id='word_1_57' title='bbox 412 1738 431 1783; x_wconf 87' lang='lat' dir='ltr'>a</span> <span class='ocrx_word' id='word_1_58' title='bbox 455 1723 625 1798; x_wconf 77' lang='lat' dir='ltr'>Lycogene</span> <span class='ocrx_word' id='word_1_59' title='bbox 641 1721 765 1778; x_wconf 80' lang='lat' dir='ltr'>Ducem</span> <span class='ocrx_word' id='word_1_60' title='bbox 790 1720 956 1787; x_wconf 79' lang='lat' dir='ltr'>Guirz&#39;um,</span> <span class='ocrx_word' id='word_1_61' title='bbox 972 1717 1213 1778; x_wconf 76' lang='lat' dir='ltr'>aBritomamde</span> <span class='ocrx_word' id='word_1_62' title='bbox 1230 1717 1293 1776; x_wconf 82' lang='lat' dir='ltr'>Au·</span> 
     </span>
    </p>
   </div>
   <div class='ocr_carea' id='block_1_5' title="bbox 305 1831 1291 1913">
    <p class='ocr_par' dir='ltr' id='par_1_5' title="bbox 305 1831 1291 1913">
     <span class='ocr_line' id='line_1_11' title="bbox 305 1831 1291 1913; baseline -0.006 -7"><span class='ocrx_word' id='word_1_63' title='bbox 305 1897 310 1906; x_wconf 94' lang='lat'>.</span> <span class='ocrx_word' id='word_1_64' title='bbox 411 1831 543 1902; x_wconf 73' lang='lat' dir='ltr'>roncum</span> <span class='ocrx_word' id='word_1_65' title='bbox 570 1836 790 1906; x_wconf 80' lang='lat' dir='ltr'>Bordonium,</span> <span class='ocrx_word' id='word_1_66' title='bbox 812 1853 831 1898; x_wconf 88' lang='lat' dir='ltr'>a</span> <span class='ocrx_word' id='word_1_67' title='bbox 856 1836 1117 1913; x_wconf 82' lang='lat' dir='ltr'>Commiudorige</span> <span class='ocrx_word' id='word_1_68' title='bbox 1132 1841 1291 1900; x_wconf 81' lang='lat' dir='ltr'>Allobro-</span> 
     </span>
    </p>
   </div>
   <div class='ocr_carea' id='block_1_6' title="bbox 409 1955 1293 3766">
    <p class='ocr_par' dir='ltr' id='par_1_6' title="bbox 409 1955 1293 3766">
     <span class='ocr_line' id='line_1_12' title="bbox 410 1955 1292 2035; baseline -0.006 -16"><span class='ocrx_word' id='word_1_69' title='bbox 410 1974 493 2035; x_wconf 74' lang='lat' dir='ltr'>pum</span> <span class='ocrx_word' id='word_1_70' title='bbox 517 1962 652 2025; x_wconf 83' lang='lat' dir='ltr'>Ducem,</span> <span class='ocrx_word' id='word_1_71' title='bbox 671 1956 711 2016; x_wconf 86' lang='lat' dir='ltr'>ab</span> <span class='ocrx_word' id='word_1_72' title='bbox 741 1955 854 2014; x_wconf 82' lang='lat' dir='ltr'>Arsida</span> <span class='ocrx_word' id='word_1_73' title='bbox 881 1959 1008 2015; x_wconf 83' lang='lat' dir='ltr'>Ducem</span> <span class='ocrx_word' id='word_1_74' title='bbox 1036 1958 1242 2028; x_wconf 75' lang='lat' dir='ltr'>Bellienum,</span> <span class='ocrx_word' id='word_1_75' title='bbox 1272 1970 1292 2014; x_wconf 85' lang='lat' dir='ltr'>a</span> 
     </span>
     <span class='ocr_line' id='line_1_13' title="bbox 411 2071 1292 2147; baseline -0.002 -13"><span class='ocrx_word' id='word_1_76' title='bbox 411 2074 615 2134; x_wconf 85' lang='lat' dir='ltr'>Radirobane</span> <span class='ocrx_word' id='word_1_77' title='bbox 627 2075 880 2147; x_wconf 74' lang='lat' dir='ltr'>Hispaniarum</span> <span class='ocrx_word' id='word_1_78' title='bbox 894 2086 1022 2146; x_wconf 74' lang='lat' dir='ltr'>repere.</span> <span class='ocrx_word' id='word_1_79' title='bbox 1040 2087 1060 2130; x_wconf 84' lang='lat' dir='ltr'>a</span> <span class='ocrx_word' id='word_1_80' title='bbox 1076 2071 1187 2132; x_wconf 85' lang='lat' dir='ltr'>Sicilia</span> <span class='ocrx_word' id='word_1_81' title='bbox 1209 2075 1292 2132; x_wconf 79' lang='lat' dir='ltr'>Gal-</span> 
     </span>
     <span class='ocr_line' id='line_1_14' title="bbox 412 2185 1288 2262; baseline -0.005 -14"><span class='ocrx_word' id='word_1_82' title='bbox 412 2185 467 2250; x_wconf 84' lang='lat' dir='ltr'>lica</span> <span class='ocrx_word' id='word_1_83' title='bbox 494 2203 648 2262; x_wconf 69' lang='lat' dir='ltr'>repleam,</span> <span class='ocrx_word' id='word_1_84' title='bbox 678 2202 699 2246; x_wconf 86' lang='lat' dir='ltr'>a</span> <span class='ocrx_word' id='word_1_85' title='bbox 724 2185 833 2246; x_wconf 84' lang='lat' dir='ltr'>Gallia</span> <span class='ocrx_word' id='word_1_86' title='bbox 865 2189 1070 2248; x_wconf 49' lang='lat' dir='ltr'>Nucerinum</span> <span class='ocrx_word' id='word_1_87' title='bbox 1099 2185 1288 2260; x_wconf 81' lang='lat' dir='ltr'>significari,</span> 
     </span>
     <span class='ocr_line' id='line_1_15' title="bbox 411 2301 1290 2381; baseline -0.003 -16"><span class='ocrx_word' id='word_1_88' title='bbox 411 2306 539 2381; x_wconf 74' lang='lat' dir='ltr'>aliaque</span> <span class='ocrx_word' id='word_1_89' title='bbox 558 2305 660 2364; x_wconf 86' lang='lat' dir='ltr'>multa</span> <span class='ocrx_word' id='word_1_90' title='bbox 680 2303 795 2363; x_wconf 89' lang='lat' dir='ltr'>ecdem</span> <span class='ocrx_word' id='word_1_91' title='bbox 817 2303 913 2364; x_wconf 87' lang='lat' dir='ltr'>modo</span> <span class='ocrx_word' id='word_1_92' title='bbox 934 2303 1204 2377; x_wconf 78' lang='lat' dir='ltr'>interpretantur.</span> <span class='ocrx_word' id='word_1_93' title='bbox 1221 2301 1290 2362; x_wconf 89' lang='lat' dir='ltr'>lmc</span> 
     </span>
     <span class='ocr_line' id='line_1_16' title="bbox 410 2418 1289 2495; baseline -0.003 -14"><span class='ocrx_word' id='word_1_94' title='bbox 410 2438 451 2481; x_wconf 91' lang='lat' dir='ltr'>ne</span> <span class='ocrx_word' id='word_1_95' title='bbox 479 2422 512 2480; x_wconf 87' lang='lat' dir='ltr'>in</span> <span class='ocrx_word' id='word_1_96' title='bbox 533 2420 678 2480; x_wconf 88' lang='lat' dir='ltr'>derisum</span> <span class='ocrx_word' id='word_1_97' title='bbox 713 2419 843 2495; x_wconf 87' lang='lat' dir='ltr'>quidem</span> <span class='ocrx_word' id='word_1_98' title='bbox 876 2435 946 2478; x_wconf 92' lang='lat' dir='ltr'>rem</span> <span class='ocrx_word' id='word_1_99' title='bbox 976 2418 1137 2478; x_wconf 79' lang='lat' dir='ltr'>adducere</span> <span class='ocrx_word' id='word_1_100' title='bbox 1164 2419 1289 2489; x_wconf 83' lang='lat' dir='ltr'>liment,</span> 
     </span>
     <span class='ocr_line' id='line_1_17' title="bbox 410 2535 1291 2610; baseline -0.005 -13"><span class='ocrx_word' id='word_1_101' title='bbox 410 2538 443 2596; x_wconf 83' lang='lat' dir='ltr'>et</span> <span class='ocrx_word' id='word_1_102' title='bbox 455 2551 659 2596; x_wconf 88' lang='lat' dir='ltr'>communem</span> <span class='ocrx_word' id='word_1_103' title='bbox 675 2536 820 2594; x_wconf 89' lang='lat' dir='ltr'>omnium</span> <span class='ocrx_word' id='word_1_104' title='bbox 833 2551 965 2595; x_wconf 86' lang='lat' dir='ltr'>sensum</span> <span class='ocrx_word' id='word_1_105' title='bbox 981 2549 1039 2610; x_wconf 88' lang='lat' dir='ltr'>pro</span> <span class='ocrx_word' id='word_1_106' title='bbox 1055 2535 1291 2594; x_wconf 77' lang='lat' dir='ltr'>nihiloducuul</span> 
     </span>
     <span class='ocr_line' id='line_1_18' title="bbox 411 2648 1291 2725; baseline -0.006 -14"><span class='ocrx_word' id='word_1_107' title='bbox 411 2653 447 2711; x_wconf 90' lang='lat' dir='ltr'>ut</span> <span class='ocrx_word' id='word_1_108' title='bbox 461 2650 605 2710; x_wconf 87' lang='lat' dir='ltr'>labulam</span> <span class='ocrx_word' id='word_1_109' title='bbox 628 2651 739 2724; x_wconf 84' lang='lat' dir='ltr'>aptent</span> <span class='ocrx_word' id='word_1_110' title='bbox 763 2649 920 2710; x_wconf 82' lang='lat' dir='ltr'>historiae.</span> <span class='ocrx_word' id='word_1_111' title='bbox 937 2648 1020 2709; x_wconf 84' lang='lat' dir='ltr'>Nam</span> <span class='ocrx_word' id='word_1_112' title='bbox 1045 2665 1143 2725; x_wconf 86' lang='lat' dir='ltr'>quum</span> <span class='ocrx_word' id='word_1_113' title='bbox 1168 2648 1291 2707; x_wconf 86' lang='lat' dir='ltr'>nullam</span> 
     </span>
     <span class='ocr_line' id='line_1_19' title="bbox 411 2763 1290 2840; baseline -0.006 -14"><span class='ocrx_word' id='word_1_114' title='bbox 411 2765 552 2826; x_wconf 89' lang='lat' dir='ltr'>Henrico</span> <span class='ocrx_word' id='word_1_115' title='bbox 565 2765 673 2826; x_wconf 82' lang='lat' dir='ltr'>Tertio</span> <span class='ocrx_word' id='word_1_116' title='bbox 690 2764 787 2825; x_wconf 83' lang='lat' dir='ltr'>luisse</span> <span class='ocrx_word' id='word_1_117' title='bbox 803 2765 936 2840; x_wconf 85' lang='lat' dir='ltr'>stirpem</span> <span class='ocrx_word' id='word_1_118' title='bbox 950 2766 1086 2836; x_wconf 76' lang='lat' dir='ltr'>constet,</span> <span class='ocrx_word' id='word_1_119' title='bbox 1097 2763 1290 2837; x_wconf 77' lang='lat' dir='ltr'>Argeuidem</span> 
     </span>
     <span class='ocr_line' id='line_1_20' title="bbox 411 2877 1290 2955; baseline -0.007 -13"><span class='ocrx_word' id='word_1_120' title='bbox 411 2882 463 2944; x_wconf 88' lang='lat' dir='ltr'>vel</span> <span class='ocrx_word' id='word_1_121' title='bbox 491 2880 730 2942; x_wconf 67' lang='lat' dir='ltr'>«deficientem</span> <span class='ocrx_word' id='word_1_122' title='bbox 751 2882 784 2939; x_wconf 91' lang='lat' dir='ltr'>in</span> <span class='ocrx_word' id='word_1_123' title='bbox 814 2880 915 2940; x_wconf 87' lang='lat' dir='ltr'>Henri</span> <span class='ocrx_word' id='word_1_124' title='bbox 931 2879 1039 2940; x_wconf 79' lang='lat' dir='ltr'>Tertio</span> <span class='ocrx_word' id='word_1_125' title='bbox 1067 2880 1213 2955; x_wconf 84' lang='lat' dir='ltr'>stirpem,</span> <span class='ocrx_word' id='word_1_126' title='bbox 1238 2877 1290 2938; x_wconf 90' lang='lat' dir='ltr'>vel</span> 
     </span>
     <span class='ocr_line' id='line_1_21' title="bbox 411 2992 1293 3070; baseline -0.001 -18"><span class='ocrx_word' id='word_1_127' title='bbox 411 3019 428 3052; x_wconf 77' lang='lat'><strong>&gt;</strong></span> <span class='ocrx_word' id='word_1_128' title='bbox 449 2997 547 3057; x_wconf 86' lang='lat' dir='ltr'>etiam</span> <span class='ocrx_word' id='word_1_129' title='bbox 560 2997 698 3056; x_wconf 84' lang='lat' dir='ltr'>alterum</span> <span class='ocrx_word' id='word_1_130' title='bbox 722 2996 763 3056; x_wconf 88' lang='lat' dir='ltr'>ab</span> <span class='ocrx_word' id='word_1_131' title='bbox 784 3011 859 3070; x_wconf 81' lang='lat' dir='ltr'>rege</span> <span class='ocrx_word' id='word_1_132' title='bbox 884 2997 1024 3055; x_wconf 86' lang='lat' dir='ltr'>locuma</span> <span class='ocrx_word' id='word_1_133' title='bbox 1050 2993 1153 3054; x_wconf 90' lang='lat' dir='ltr'>tribus</span> <span class='ocrx_word' id='word_1_134' title='bbox 1168 2992 1293 3053; x_wconf 78' lang='lat' dir='ltr'>aemulis</span> 
     </span>
     <span class='ocr_line' id='line_1_22' title="bbox 412 3101 1290 3183; baseline -0.003 -20"><span class='ocrx_word' id='word_1_135' title='bbox 412 3132 424 3163; x_wconf 67' lang='lat' dir='ltr'>u</span> <span class='ocrx_word' id='word_1_136' title='bbox 448 3101 608 3180; x_wconf 86' lang='lat' dir='ltr'>Navarrc,</span> <span class='ocrx_word' id='word_1_137' title='bbox 625 3109 815 3170; x_wconf 78' lang='lat' dir='ltr'>dleussouio</span> <span class='ocrx_word' id='word_1_138' title='bbox 828 3111 860 3168; x_wconf 80' lang='lat' dir='ltr'>el</span> <span class='ocrx_word' id='word_1_139' title='bbox 873 3107 988 3168; x_wconf 87' lang='lat' dir='ltr'>Guisic</span> <span class='ocrx_word' id='word_1_140' title='bbox 1001 3107 1116 3168; x_wconf 88' lang='lat' dir='ltr'>callide</span> <span class='ocrx_word' id='word_1_141' title='bbox 1126 3106 1260 3183; x_wconf 81' lang='lat' dir='ltr'>petitum</span> <span class='ocrx_word' id='word_1_142' title='bbox 1278 3129 1290 3160; x_wconf 65' lang='lat' dir='ltr'>a</span> 
     </span>
     <span class='ocr_line' id='line_1_23' title="bbox 409 3221 1292 3300; baseline -0.005 -15"><span class='ocrx_word' id='word_1_143' title='bbox 409 3224 704 3285; x_wconf 76' lang='lat' dir='ltr'>esseconienduul.</span> <span class='ocrx_word' id='word_1_144' title='bbox 722 3225 914 3284; x_wconf 82' lang='lat' dir='ltr'>Poliarchus</span> <span class='ocrx_word' id='word_1_145' title='bbox 939 3240 1027 3291; x_wconf 88' lang='lat' dir='ltr'>vero,</span> <span class='ocrx_word' id='word_1_146' title='bbox 1054 3239 1150 3300; x_wconf 90' lang='lat' dir='ltr'>quem</span> <span class='ocrx_word' id='word_1_147' title='bbox 1176 3221 1292 3282; x_wconf 84' lang='lat' dir='ltr'>Henri·</span> 
     </span>
     <span class='ocr_line' id='line_1_24' title="bbox 410 3341 1292 3417; baseline -0.003 -15"><span class='ocrx_word' id='word_1_148' title='bbox 410 3357 483 3402; x_wconf 91' lang='lat' dir='ltr'>cum</span> <span class='ocrx_word' id='word_1_149' title='bbox 498 3341 656 3414; x_wconf 80' lang='lat' dir='ltr'>Quartum</span> <span class='ocrx_word' id='word_1_150' title='bbox 684 3342 806 3401; x_wconf 86' lang='lat' dir='ltr'>relerre</span> <span class='ocrx_word' id='word_1_151' title='bbox 828 3341 951 3412; x_wconf 87' lang='lat' dir='ltr'>dicunt,</span> <span class='ocrx_word' id='word_1_152' title='bbox 980 3343 1034 3417; x_wconf 89' lang='lat' dir='ltr'>qui</span> <span class='ocrx_word' id='word_1_153' title='bbox 1066 3342 1113 3410; x_wconf 82' lang='lat' dir='ltr'>fit,</span> <span class='ocrx_word' id='word_1_154' title='bbox 1136 3344 1171 3402; x_wconf 84' lang='lat' dir='ltr'>ut</span> <span class='ocrx_word' id='word_1_155' title='bbox 1194 3341 1292 3400; x_wconf 84' lang='lat' dir='ltr'>simul</span> 
     </span>
     <span class='ocr_line' id='line_1_25' title="bbox 411 3444 1289 3537; baseline -0.002 -19"><span class='ocrx_word' id='word_1_156' title='bbox 411 3458 606 3537; x_wconf 81' lang='lat' dir='ltr'>Esperncnii</span> <span class='ocrx_word' id='word_1_157' title='bbox 630 3457 754 3518; x_wconf 89' lang='lat' dir='ltr'>Ducem</span> <span class='ocrx_word' id='word_1_158' title='bbox 769 3457 892 3518; x_wconf 80' lang='lat' dir='ltr'>referre</span> <span class='ocrx_word' id='word_1_159' title='bbox 918 3457 1050 3534; x_wconf 79' lang='lat' dir='ltr'>possit‘.l</span> <span class='ocrx_word' id='word_1_160' title='bbox 1073 3444 1154 3531; x_wconf 76' lang='lat' dir='ltr'>Quid</span> <span class='ocrx_word' id='word_1_161' title='bbox 1181 3458 1289 3517; x_wconf 82' lang='lat' dir='ltr'>miuus</span> 
     </span>
     <span class='ocr_line' id='line_1_26' title="bbox 414 3574 1293 3650; baseline -0.001 -17"><span class='ocrx_word' id='word_1_162' title='bbox 414 3574 568 3634; x_wconf 86' lang='lat' dir='ltr'>credibile</span> <span class='ocrx_word' id='word_1_163' title='bbox 583 3589 713 3635; x_wconf 85' lang='lat' dir='ltr'>rursum</span> <span class='ocrx_word' id='word_1_164' title='bbox 738 3589 835 3650; x_wconf 87' lang='lat' dir='ltr'>quam</span> <span class='ocrx_word' id='word_1_165' title='bbox 861 3574 1067 3634; x_wconf 82' lang='lat' dir='ltr'>Poliarchum</span> <span class='ocrx_word' id='word_1_166' title='bbox 1085 3576 1118 3634; x_wconf 82' lang='lat' dir='ltr'>el</span> <span class='ocrx_word' id='word_1_167' title='bbox 1132 3574 1293 3634; x_wconf 80' lang='lat' dir='ltr'>Archem-</span> 
     </span>
     <span class='ocr_line' id='line_1_27' title="bbox 414 3690 1290 3766; baseline -0.003 -17"><span class='ocrx_word' id='word_1_168' title='bbox 414 3690 554 3765; x_wconf 75' lang='lat' dir='ltr'>brcium</span> <span class='ocrx_word' id='word_1_169' title='bbox 572 3691 716 3752; x_wconf 87' lang='lat' dir='ltr'>consiliis</span> <span class='ocrx_word' id='word_1_170' title='bbox 731 3690 888 3766; x_wconf 77' lang='lat' dir='ltr'>lactisque</span> <span class='ocrx_word' id='word_1_171' title='bbox 900 3693 1060 3762; x_wconf 65' lang='lat' dir='ltr'>diuersos.</span> <span class='ocrx_word' id='word_1_172' title='bbox 1072 3691 1128 3749; x_wconf 88' lang='lat' dir='ltr'>uui</span> <span class='ocrx_word' id='word_1_173' title='bbox 1144 3701 1290 3765; x_wconf 62' lang='lat' dir='ltr'>persone</span> 
     </span>
    </p>
   </div>
   <div class='ocr_carea' id='block_1_7' title="bbox 0 0 1544 5048">
    <p class='ocr_par' dir='ltr' id='par_1_7' title="bbox 0 0 1544 5048">
     <span class='ocr_line' id='line_1_28' title="bbox 0 0 1544 5048; baseline 0 0"><span class='ocrx_word' id='word_1_174' title='bbox 0 0 1544 5048; x_wconf 95' lang='lat' dir='ltr'> </span> 
     </span>
    </p>
   </div>
  </div>
 </body>
</html>
