3048 5046
506 645 547 687 Du
566 645 590 686 J.
612 642 762 688 BARCLAII
781 645 854 686 VITA
1092 639 1124 690 13

138 815 147 832 ,
243 775 472 851 appellavisset
495 789 501 830 :
522 772 778 832 Existimaveras
805 772 901 843 forte,
933 776 1049 852 inquit,
1081 777 1122 836 ad

241 890 501 963 ludimagistrum
516 889 702 960 advenisse,
717 888 771 963 qui
795 889 861 948 tuis
878 890 1023 951 scientiis
1038 893 1123 952 inter

243 1005 361 1064 samem
376 1006 408 1065 et
432 1004 578 1078 argutias
595 999 753 1064 uteretur.
775 1003 888 1081 Neque
908 1005 1035 1080 longius
1054 1022 1122 1066 mo·
1157 1086 1160 1092 ,

242 1123 344 1192 ratus
371 1135 433 1191 me,
455 1119 556 1179 veluti
581 1120 685 1179 atroci
706 1119 840 1180 fulmine
862 1120 1063 1191 damnatum,
1091 1125 1124 1181 et

242 1237 386 1295 exanimi
401 1250 518 1311 sopore
551 1237 778 1306 marcentem,
808 1235 893 1295 inter
924 1239 1124 1319 mussantem

242 1349 399 1410 familiam
424 1364 567 1425 meaeque
593 1349 789 1408 temeritatis
816 1351 1025 1410 accusatores
1049 1352 1125 1410 reli-

243 1463 337 1540 quit.¹
363 1485 376 1515 »
397 1507 404 1521 .

288 1576 361 1636 Non
374 1576 550 1670 plurimum
562 1578 699 1638 interest
715 1580 822 1639 utrum
835 1578 922 1647 licta,
931 1593 974 1637 an
988 1577 1126 1638 veralris

243 1683 351 1743 verbis
369 1682 492 1743 reterre
507 1682 677 1743 Barolaius
699 1683 733 1743 in
752 1684 861 1744 animo
876 1682 1125 1744 habueritSus-

244 1797 311 1858 ficit
324 1801 360 1860 ut
377 1798 418 1858 ad
440 1814 550 1859 rerum
565 1800 784 1860 humanarum
810 1800 1053 1860 similitudinem
1066 1815 1125 1862 ac-

247 1914 384 1973 cesserit
410 1915 442 1974 et
470 1915 618 1974 venalem
643 1929 816 1989 procerum
831 1914 972 1976 indolem
995 1930 1127 1990 expres-

246 2029 335 2088 serit.
362 2027 461 2087 Multa
487 2029 614 2105 quidem
639 2045 682 2088 ex
708 2028 781 2089 aliis
803 2029 884 2090 locis
906 2028 1023 2089 similia
1050 2030 1125 2104 eligi

244 2145 378 2219 possent
392 2143 519 2226 quibus,
545 2144 655 2204 satirae
680 2144 829 2206 libertate
851 2161 941 2218 usus,
957 2145 1124 2205 hominum

243 2261 491 2336 animorumque
504 2260 614 2320 varios
627 2259 758 2321 habitus
775 2251 952 2333 attinuerit,
967 2264 1000 2322 et
1024 2262 1127 2337 scrip-

242 2376 329 2434 tores
342 2391 440 2450 quum
459 2374 608 2435 veterum
622 2375 692 2435 tum
708 2377 928 2436 recentiorum
943 2378 1125 2451 temporum
1160 2425 1166 2435 ,

172 2549 174 2552 .
243 2489 414 2549 aemulatus
437 2490 510 2560 erit,
532 2490 718 2564 qui,eadem
744 2489 876 2549 dicendi
899 2491 1041 2560 ratione,
1071 2506 1128 2550 no-

244 2619 318 2663 men
342 2603 402 2662 sibi
418 2604 576 2663 lecerunt.
592 2604 672 2675 Imo,
701 2606 807 2678 majus
834 2604 944 2664 nescio
976 2603 1050 2678 quid
1073 2619 1126 2663 au·

246 2733 314 2789 sus,
331 2717 497 2792 politicam
516 2733 585 2776 rem
607 2718 768 2791 attingere
792 2733 857 2776 non
880 2715 1054 2787 dubitarim
1081 2718 1124 2787 et,

244 2831 402 2908 poeticam
418 2845 497 2890 sane
523 2830 689 2891 licentiam
709 2846 882 2907 usurpans,
905 2831 965 2891 sub
985 2830 1049 2892 levi
1072 2848 1128 2892 no-

246 2946 371 3005 minum
383 2947 559 3020 praetextu,
573 2945 757 3020 Philippum
771 2943 953 3005 Secundum
962 2944 1126 3021 Hispaniae

246 3065 354 3134 regem
363 3057 525 3119 scelerum
538 3059 738 3119 conscientia
747 3033 1127 3132 exagitatumumbram-

247 3189 308 3248 que
327 3172 426 3233 Ducis
441 3172 565 3239 Albani
587 3187 700 3248 poenas
722 3173 861 3232 feritatis
880 3173 1011 3234 dantem
1030 3178 1063 3235 et
1086 3176 1126 3235 ab

245 3285 457 3361 Egmondano
492 3284 615 3347 Comite
647 3288 835 3355 laceratam,
858 3289 891 3347 in
917 3305 1049 3350 scenam
1070 3264 1140 3349 adss

246 3399 351 3461 duxit.

285 3579 292 3610 ¹
311 3585 513 3637 Euenontnorus
528 3588 650 3638 Lusrunu
664 3592 716 3639 sive
732 3590 845 3639 Jooums
858 3587 1128 3654 Bancnonsotprt'con.

246 3655 309 3706 Pars
326 3657 359 3716 11,
375 3674 402 3722 p.
416 3663 463 3708 lot.
477 3659 663 3720 Amstelodami,
680 3677 711 3710 ex
722 3661 817 3710 officina
831 3660 1004 3724 Elzeririant,‘
1013 3666 1073 3713 tots.
