3062 5048
408 605 440 659 5l
472 622 483 646 ·
588 627 592 636 ·
624 611 666 656 nu
689 615 713 656 a.
741 613 889 656 nnncunn
913 613 1079 656 auuuurnu

410 741 563 802 decreuit.
591 740 663 800 Non
686 741 790 800 solum
813 741 897 800 euim
913 740 1092 800 rebellione
1109 755 1209 815 regna
1225 742 1293 801 tur-

409 856 583 927 babantur,
599 857 655 916 sed
680 857 777 916 etiam
799 856 993 915 documenta
1015 860 1167 930 artesque
1184 857 1294 918 rebel-

409 973 496 1033 landi
511 987 550 1032 eo
576 974 733 1046 tempore,
751 970 840 1030 uelut
856 986 901 1030 ex
917 970 1100 1046 disciplina,
1117 970 1293 1044 tradeban-

411 1088 479 1146 tur.
503 1085 584 1157 Quin
611 1101 693 1160 opus
708 1086 756 1144 est
777 1083 952 1143 Hotmanni
969 1087 1291 1157 Franco-Galliam,

409 1200 568 1274 Laugueti
588 1195 762 1259 Vindicius
778 1197 901 1258 contra
921 1199 1099 1270 iuraturos,
1113 1198 1215 1259 Boetii
1231 1204 1290 1262 Vo-

411 1317 600 1378 luptariam
609 1317 820 1386 seruitutem,
834 1315 1021 1376 Buclrauani
1033 1316 1071 1376 de
1083 1320 1167 1376 lure
1177 1301 1303 1391 repra,¹

411 1417 526 1492 Bodini
552 1449 631 1493 vero
652 1433 691 1492 de
714 1435 897 1506 Repttbtioo
919 1431 1019 1492 libros
1043 1431 1187 1492 uerene?
1209 1432 1291 1504 Quid

412 1557 496 1632 quoil
519 1556 601 1616 alios
626 1556 943 1632 innumerabilesque
969 1556 1130 1631 proferam
1152 1571 1292 1617 inuitar-

412 1675 616 1732 cbomaebos
631 1673 698 1749 qui,
715 1673 786 1732 arte
801 1671 963 1731 scribendi
975 1687 1054 1732 sane
1072 1672 1226 1737 minores,
1258 1674 1290 1731 in

412 1787 554 1862 regalem
573 1789 763 1861 potestatem
780 1786 1028 1857 invehebantur,
1042 1789 1184 1863 juraque
1198 1788 1290 1860 regni

411 1901 554 1962 funditus
565 1903 600 1962 ut
613 1904 808 1973 everterent,
823 1902 863 1962 ab
871 1903 1105 1979 antiquissimis
1118 1903 1292 1964 annalibus

413 2020 571 2079 auxilium
589 2019 756 2094 petebant?
770 2020 860 2079 Trita
877 2019 946 2080 liaeo
958 2020 1092 2078 nimium
1108 2024 1184 2081 sunt
1195 2037 1290 2097 quam

412 2136 448 2194 ut
469 2135 509 2192 all
535 2134 723 2192 memoriam
748 2137 952 2195 revocentur.
977 2117 1125 2194 Earolaio
1141 2151 1219 2196 vero
1234 2151 1292 2212 pa-

348 2278 353 2286 ·
413 2249 510 2310 trium
526 2249 665 2324 quodam
690 2249 784 2308 modo
800 2252 870 2308 erat
889 2251 1073 2310 contrarias
1089 2255 1198 2326 partes
1220 2268 1290 2313 sus-

405 2369 518 2444 ·oipere
531 2371 562 2428 et
576 2368 636 2427 sibi
651 2383 763 2442 regum
773 2369 992 2442 'patrocinium
1003 2385 1181 2430 assumere.
1199 2369 1287 2443 Quod

406 2486 476 2560 jam
491 2486 598 2554 antea,
616 2483 829 2557 flagrantibus
839 2481 949 2544 'adhuc
964 2484 1144 2544 istiusmodi
1161 2488 1291 2546 coutro-

411 2603 540 2670 versiis‚
554 2601 653 2661 semel
667 2604 764 2676 atque
779 2601 896 2660 iterum
910 2617 1008 2676 quum
1025 2601 1164 2671 lecisset,
1184 2605 1292 2677 Arpe-

411 2722 503 2779 otidis
523 2718 599 2776 liuta
620 2717 809 2776 narratione
828 2719 1007 2791 ornataque
1023 2718 1170 2776 oratione
1186 2719 1290 2791 magis

410 2834 566 2894 illustrari
585 2838 678 2908 posse
697 2827 832 2908 putavit,
855 2837 887 2894 et
907 2833 1053 2892 nounibil
1072 2833 1166 2908 pretii
1189 2807 1288 2908 argu-

408 2952 526 3011 mentis
536 2965 577 3009 ex
588 2928 927 3023 elegantiaverborum
941 2926 1164 3026 illecebrisque
1173 2951 1288 3011 l'abulae

410 3067 480 3126 lore
496 3065 641 3124 eredidit.
670 3066 789 3124 Multas
812 3065 910 3138 igitur
928 3082 983 3141 per
999 3066 1151 3140 ambages
1173 3067 1212 3126 ad
1228 3084 1288 3142 po-

409 3180 532 3240 liticam
562 3195 630 3237 rem
658 3181 760 3239 tendit
778 3183 940 3255 sirpeam,
966 3184 998 3241 et
1024 3183 1173 3243 total'ere
1201 3183 1286 3243 oirca

409 3297 563 3371 optimam
584 3295 742 3368 regnandi
758 3295 974 3356 conditionem
996 3299 1144 3358 vertitur.
1162 3297 1209 3359 De
1224 3315 1287 3374 qua
1327 3347 1329 3350 .

408 3412 482 3489 quid
518 3412 656 3471 senserit
683 3412 747 3483 ille,
773 3428 858 3472 nuno
889 3413 1075 3487 diligentius
1097 3416 1287 3502 perquiran-

411 3527 500 3588 dum.

445 3637 612 3722 Nusquam
634 3649 826 3708 seutentiam
852 3650 996 3724 apertius
1021 3650 1171 3725 patefecit
1202 3652 1286 3710 Bar-
