3062 5048
421 657 453 708 82
639 661 680 702 us
699 661 723 700 J.
746 645 1083 700 enncumrnnonumu

420 791 501 852 Nam
516 791 714 866 Nicopompo
730 787 853 848 latente
869 801 980 846 omnes
1001 801 1039 846 eo
1055 785 1122 846 sato
1138 786 1302 861 principes

419 911 508 968 viros
524 906 625 973 nesci,
644 905 678 963 ut
693 903 814 978 aliquid
831 903 946 962 saltem
963 916 1143 978 pennarum
1158 901 1198 959 ad
1215 899 1301 960 liuns

419 1020 654 1084 blandientium
667 1020 790 1078 viscum
808 1016 1005 1092 relinquant.
1030 1015 1221 1084 Dunalbins.
1240 1033 1300 1090 pu—

418 1139 511 1197 blicae
526 1137 570 1192 rei
588 1134 694 1194 studio
714 1134 831 1197 motus.
850 1133 910 1192 lion
927 1133 1021 1192 modo
1034 1131 1218 1206 respondet:

458 1272 475 1304 ‹
489 1247 796 1322 ltaveroi'mprovidi
812 1248 909 1315 cives,
921 1247 996 1304 dum
1009 1246 1134 1305 vilitate
1145 1245 1302 1304 laudandi

415 1368 637 1441 unusquisque
661 1379 797 1436 regnum
821 1363 902 1422 vitia
922 1363 962 1421 ad
979 1363 1156 1421 amicitiam
1177 1360 1304 1421 sollici-

416 1484 504 1550 tatis,
539 1497 596 1539 vos
617 1478 712 1537 simul
748 1480 780 1537 et
810 1476 884 1535 illos
910 1477 1111 1535 miserrimos
1136 1475 1206 1536 ileri
1239 1492 1305 1536 non

416 1603 555 1661 sentitis.
586 1598 712 1671 Quanto
735 1597 821 1654 enim
845 1593 1048 1652 incommodo
1074 1595 1183 1652 vestro
1205 1593 1304 1668 impe-

415 1720 527 1774 rantes
543 1712 737 1786 stolingus,
756 1707 886 1783 nequid
901 1722 957 1767 eos
972 1706 1105 1783 pudeat;
1122 1707 1178 1766 sed
1196 1705 1299 1766 licen·
1357 1723 1363 1735 ·

416 1829 541 1890 tissime
562 1826 754 1885 assuescant
770 1824 894 1896 seipsos
909 1836 1019 1880 amare
1040 1824 1072 1881 et
1092 1823 1216 1892 mirari,
1242 1823 1303 1882 uti·

417 1963 478 2022 ..pie
496 1948 667 2019 postquam
691 1941 746 1999 diu
766 1955 876 1998 omnes
893 1953 1005 1997 eorum
1031 1936 1167 1997 allectus
1195 1936 1303 1998 adula-

417 2060 506 2118 tione
531 2061 561 2116 el
588 2055 758 2132 praeconiis
783 2053 1048 2113 consecravistis.
1073 2051 1149 2112 lllos
1177 2055 1297 2138 autem,

417 2175 711 2248 quantumcumque
736 2168 796 2226 sibi
827 2167 937 2228 felices
957 2169 1033 2239 sint,
1061 2183 1121 2240 ego
1149 2168 1301 2244 lacrymis

416 2285 624 2358 ‹lignissimos
641 2287 733 2358 puto;
760 2283 821 2341 nisi
843 2285 1052 2356 superessent
1073 2283 1124 2342 liis
1145 2283 1303 2344 domesti-

417 2418 529 2464 corum
546 2399 682 2464 insidiis,
708 2401 740 2458 et
755 2412 793 2457 ea
813 2399 920 2458 colere
940 2413 979 2458 ac
1004 2400 1143 2474 probare
1164 2399 1302 2470 solerter

410 2519 602 2588 instituant,
620 2531 685 2576 non
700 2531 771 2590 quae
784 2515 817 2574 in
833 2516 911 2591 ipsis
927 2516 982 2574 alii
1000 2516 1145 2586 laudant,
1161 2515 1215 2577 sed
1231 2531 1303 2592 quae
1370 2589 1381 2605 ο

418 2638 480 2714 ipsi
492 2638 525 2696 in
535 2635 618 2696 aliis.
633 2634 765 2694 Ceteros
779 2633 865 2694 enim
878 2631 960 2691 adeo
973 2645 1032 2690 sua
1043 2646 1186 2706 purpura
1202 2645 1303 2691 occae-

419 2753 514 2822 cavit,
532 2754 567 2810 ut
583 2751 731 2810 nesciant
745 2748 829 2825 quod
844 2763 940 2806 nemo
957 2748 1073 2824 praetor
1087 2747 1148 2807 hos
1158 2747 1301 2820 ignorem

419 2868 606 2945 primores,
629 2879 703 2940 quae
718 2864 836 2935 studia,
868 2862 981 2938 quisve
997 2860 1112 2921 modus
1139 2861 1225 2923 inter
1246 2863 1303 2922 ho-

420 2985 523 3042 mines
548 2981 678 3050 lamam,
705 2984 762 3039 aut
789 2978 926 3047 veniam,
950 2978 1000 3036 vel
1024 2977 1163 3054 denique
1194 2979 1303 3038 odium

420 3096 514 3155 serat.
548 3095 633 3153 Proh
658 3091 800 3153 lacinusl
834 3091 1091 3166 opulentissimae
1121 3093 1305 3153 venationis

421 3224 524 3283 gellus
548 3211 597 3268 est
618 3208 788 3284 explorare
811 3206 941 3266 intimos
962 3221 1076 3280 regum
1100 3210 1217 3281 motus,
1242 3223 1305 3284 quo

421 3339 476 3383 eos
492 3325 621 3393 natura,
651 3338 714 3398 quo
739 3322 900 3398 cupiditas
917 3305 1019 3392 vocet,
1046 3339 1123 3384 mox
1139 3339 1205 3384 non
1231 3322 1304 3394 diis,

425 3454 492 3498 non
523 3438 709 3498 hominibus
732 3439 912 3509 aestimatis,
938 3440 1088 3516 quicquid
1111 3443 1225 3501 amant
1250 3441 1307 3499 aut

420 3552 534 3613 volunt
549 3555 691 3631 impense
708 3554 935 3614 commendare
951 3571 957 3624 ;
983 3555 1034 3614 vel
1048 3559 1082 3615 nt
1095 3554 1305 3616 similitudine

419 3684 546 3728 morum
561 3671 657 3745 atque
671 3686 869 3743 sermonum,
890 3672 928 3730 iis
944 3672 1073 3746 placeas
1087 3688 1096 3742 ;
1119 3673 1171 3734 vol
1186 3674 1222 3731 ut
1236 3671 1304 3731 sol-
