3062 5048
413 650 446 700 66
626 655 666 696 ΒΕ
690 655 714 696 J.
741 653 891 695 odalman
911 653 1075 696 eudemon

412 786 561 847 dubitare
585 783 739 859 incipient
762 784 801 842 de
830 798 888 842 suo
911 781 1027 854 cilicio,
1043 782 1069 840 si
1083 786 1116 842 et
1130 782 1292 844 videberis

409 902 590 963 deliberare
605 915 647 958 an
661 898 791 974 impune
815 898 918 972 possis
938 897 1067 956 offendi.
1085 898 1175 958 Tune
1190 900 1294 960 niteo·

409 1019 495 1086 dum,
521 1032 560 1076 ne
583 1014 695 1076 timida
727 1013 918 1074 remissione
951 1013 1122 1088 spirituum
1152 1013 1295 1074 videaris

409 1136 542 1192 istorum
573 1135 753 1206 temporum
780 1128 911 1190 oblitus,
943 1130 1000 1188 aut
1025 1130 1154 1187 veniam
1185 1131 1296 1204 petere

408 1247 560 1308 exstincti
574 1245 769 1304 Eristlreuis
787 1243 979 1302 Consentias
993 1258 1065 1300 oum
1082 1242 1204 1317 impetu
1219 1245 1294 1315 islo,

409 1366 445 1423 ut
480 1367 554 1422 tuus
590 1375 661 1420 esse
691 1350 976 1435 polius‘videatur
1007 1374 1106 1434 quam
1145 1358 1295 1419 l'ortunae.

408 1478 555 1538 Foedera.
586 1477 683 1550 leges,
709 1475 816 1551 pacta,
847 1489 919 1533 cunr
946 1475 1072 1534 armato
1100 1473 1213 1534 rebelli
1236 1490 1294 1536 nee

408 1594 495 1654 audi.
510 1592 537 1652 U
541 1589 675 1654 num'sit
690 1590 859 1666 poenitenti
872 1589 1062 1660 remedium,
1080 1591 1107 1649 si
1122 1591 1291 1666 supplicet,

409 1712 435 1768 si
452 1709 660 1785 supercilium
691 1709 799 1782 ponat.
823 1707 848 1764 si
880 1721 914 1766 se
939 1709 970 1766 et
991 1721 1122 1766 causam
1148 1707 1291 1768 damnet.

409 1825 568 1885 Lenitatis
591 1828 654 1884 tuae
677 1823 740 1883 erit
761 1823 808 1882 sic
835 1823 1014 1898 composito
1029 1823 1210 1898 indulgere;
1229 1824 1293 1884 nisi
1325 1885 1331 1894 ,

408 1939 503 1999 nimis
525 1938 706 2015 perniciose
733 1938 904 2008 erraverit,
922 1942 978 1998 aut
1006 1939 1038 1996 in
1065 1940 1293 2000 necessitatem

409 2055 570 2115 distulerit
601 2055 799 2130 poenitentiae
833 2053 969 2112 larvam.
1006 2052 1069 2113 Sed
1097 2054 1228 2129 ignosce
1255 2073 1294 2118 ea

408 2171 490 2244 lege,
523 2171 559 2227 ut
586 2169 707 2244 aliquid
734 2169 796 2244 ipsi
828 2171 859 2227 in
890 2169 1046 2229 mulctam
1080 2169 1224 2232 decedat.
1259 2171 1293 2232 Si

407 2287 639 2362 provinciama
655 2289 686 2346 te
701 2285 808 2356 hahet,
824 2288 949 2361 partem
965 2303 1006 2346 ex
1019 2302 1058 2346 ea
1074 2287 1180 2348 deliba
1196 2304 1294 2365 quam

408 2401 504 2462 alteri
520 2402 649 2472 tradas;
668 2401 696 2461 si
708 2416 800 2461 arces
815 2402 877 2461 aut·
887 2417 975 2474 suas,
987 2404 1044 2461 aut
1057 2403 1175 2476 regias,
1191 2419 1291 2463 unam

409 2534 451 2578 eu
476 2518 515 2578 iis
542 2517 660 2578 luturae
682 2517 757 2579 fidei
781 2519 897 2594 pignus
923 2533 1016 2594 cape.
1048 2518 1293 2581 Timebantalii

408 2634 511 2711 spolia
523 2635 600 2694 dare
616 2633 655 2692 ad
670 2633 794 2708 regiam
809 2647 934 2708 gazam,
951 2633 1004 2710 qui
1020 2650 1107 2694 nunc
1127 2635 1294 2696 contrario

407 2753 549 2811 uoto'aes.
567 2748 881 2835 lasces,praesidium
903 2748 1023 2809 audent
1036 2749 1069 2808 in
1085 2749 1188 2826 pretia
1202 2752 1293 2827 pacis

408 2868 554 2942 exigere.
575 2865 659 2926 Cave
672 2867 781 2926 autem
802 2864 880 2924 dare
902 2864 962 2925 hos
977 2880 1052 2925 reos
1072 2866 1222 2942 precihus
1235 2882 1294 2928 co-

408 2987 592 3056 gnatorum,
607 2981 660 3056 qui
691 2980 775 3056 apud
802 2982 833 3040 te
859 2980 892 3039 in
916 2979 989 3040 illos
1006 2981 1186 3042 militarint.
1210 2981 1293 3042 Nam

411 3097 468 3155 vix
491 3095 557 3155 ulla
573 3094 739 3168 vulgarlor
754 3094 844 3154 fraus
860 3096 921 3166 est,
942 3111 1039 3173 quam
1054 3097 1191 3158 istorum
1206 3101 1293 3174 optt-

409 3213 543 3279 matum,
563 3226 627 3270 non
651 3210 770 3282 studio,
788 3226 852 3270 non
872 3213 949 3272 ve'ro
965 3211 1095 3284 affectu,
1112 3214 1168 3274 sed
1194 3214 1294 3274 veluti

408 3327 572 3390 sordibus,
610 3342 643 3386 se
678 3327 711 3386 in
742 3327 880 3387 adversa
913 3327 1126 3390 dividentium
1168 3332 1292 3391 castra.

406 3437 548 3503 Fratres,
565 3432 692 3502 aflines,
720 3434 895 3510 patrueles,
924 3435 977 3495 hio
997 3450 1056 3511 pro
1072 3438 1113 3503 te,
1137 3437 1191 3498 ille
1215 3453 1289 3497 cum

406 3549 549 3609 factiosis
565 3546 682 3620 stabit;
705 3549 740 3607 ut
758 3548 896 3608 victoria
915 3551 972 3608 aut
987 3548 1098 3611 lavore
1118 3551 1151 3609 in
1167 3552 1288 3610 utram-

407 3663 484 3724 libet
500 3665 660 3725 sorlunam
690 3665 796 3724 securi
813 3665 888 3724 sint.
911 3663 979 3726 Hos
1000 3667 1031 3725 le
1056 3666 1197 3726 maxime
1218 3682 1291 3726 sus-
