3048 5046
410 626 439 676 18
625 631 666 672 DE
685 631 708 672 J.
728 627 1064 672 caecian-natiuitatis

403 765 501 824 decor
516 762 667 822 virtutem
691 760 870 833 ingentium
886 759 1030 818 virorum
1050 759 1201 830 adornat,
1217 763 1283 821 exi·

403 880 476 954 guis
488 882 598 940 autem
617 877 736 936 animis
758 891 817 952 pro
832 877 904 936 luco
920 879 980 948 est,
1003 891 1041 936 ac
1068 877 1168 937 veluti
1189 881 1285 938 natu·

403 994 464 1054 rali
487 993 689 1053 munimento
702 991 774 1068 'quo
798 1006 888 1052 suam
912 985 1125 1054 humilitatem
1148 995 1285 1056 abscon-

404 1112 494 1179 dant,
518 1112 576 1170 aut
597 1110 754 1182 mitigent.
778 1108 831 1168 Sic
849 1110 985 1170 venuste
1006 1112 1187 1187 compositi,
1205 1127 1283 1188 qua-

403 1225 598 1300 lemcunque
623 1224 774 1283 vestitum
795 1223 834 1294 de
854 1240 922 1284 suae
948 1227 1137 1288 mutationis
1159 1227 1284 1289 inlinita
1335 1201 1346 1210 ⁸

404 1341 487 1400 serie
511 1344 666 1416 tanquam
688 1341 728 1400 de
746 1340 944 1402 inexhausto
969 1358 1055 1417 penu
1079 1317 1284 1420 deprompse-

403 1458 480 1527 rint,
498 1471 691 1532 quocunque
714 1455 920 1517 salutationis
936 1457 1078 1518 artificio
1099 1473 1216 1535 corpus
1239 1460 1286 1519 in-

402 1571 545 1640 flectant,
560 1574 653 1646 putes
669 1570 750 1630 nihil
762 1571 865 1645 magis
878 1570 933 1630 illa
952 1573 1154 1634 institutione
1166 1590 1285 1634 conve-

408 1688 480 1747 nire
484 1731 577 1746 .....
610 1685 759 1747 Ceterum
782 1700 948 1761 nunquam
970 1687 1057 1747 orbis
1081 1688 1286 1764 dignasgra-

402 1803 466 1861 tias
495 1801 646 1876 hospitali
671 1800 785 1860 Galliae
811 1799 953 1870 habebit,
978 1818 1049 1876 quae
1073 1803 1284 1865 humanitatis

401 1889 557 1991 te'mplum
572 1915 702 1976 videtur
716 1916 857 1990 aperire,
881 1930 944 1992 quo
960 1932 995 1977 se
1021 1918 1165 1980 omnium
1180 1923 1285 1982 exter·

402 2047 519 2092 norum
540 2032 672 2092 lortnna
688 2005 852 2106 conjiciat.
870 2030 1024 2090 Animum
1037 2032 1070 2092 in
1085 2033 1281 2106 hominibus,

403 2163 469 2207 non
481 2119 617 2222 patriam
628 2146 777 2206 aestimat.
789 2144 901 2220 Neque
914 2149 1077 2208 communi
1100 2152 1284 2214 ceterarum

403 2262 571 2337 regionum
581 2276 703 2322 errore.
711 2260 745 2318 in
756 2259 924 2348 inquilinis
935 2276 974 2321 ac
987 2262 1120 2324 advenis
1128 2267 1284 2328 nascendi

403 2374 832 2452 sortempunit.ltacandido
843 2374 1046 2452 simplicique
1054 2393 1166 2440 amore
1181 2380 1285 2442 virtu-

403 2494 445 2554 tis
460 2493 596 2554 eximios
611 2492 711 2563 viros,
723 2491 777 2568 qui
788 2484 1001 2567 undequaque
1012 2494 1200 2568 prodierint,
1214 2495 1284 2559 sine

404 2609 526 2670 invidia
548 2609 686 2670 miratur
705 2612 736 2670 et
750 2626 810 2671 sna
834 2613 1000 2688 opulentia
1016 2612 1136 2686 gaudet
1157 2612 1282 2686 augeri.

403 2724 515 2803 Neque
549 2725 613 2785 illic
637 2727 817 2803 hospitibus
852 2728 1037 2789 dediscendi
1065 2729 1142 2788 sunt
1173 2725 1286 2804 patriae

405 2857 472 2900 suae
484 2856 602 2909 mores,
624 2844 681 2903 aut
700 2843 741 2902 ad
760 2841 920 2903 Gallicam
944 2842 1187 2903 similitudinem
1210 2841 1285 2901 ilec-

403 2955 503 3025 tendi,
520 2956 595 3015 dum
613 2958 764 3032 superbia
778 2958 863 3019 absit
884 2961 942 3018 ant
963 2957 1086 3018 inculta
1101 2956 1283 3017 barbaries.

406 3068 543 3145 Quippci
549 3087 606 3145 psa
616 3073 716 3132 ueluti
728 3073 928 3148 professione
944 3072 1047 3134 exteri
1056 3073 1156 3132 moris
1169 3071 1285 3131 sollici-

406 3183 490 3244 tabis
506 3186 643 3245 curiosae
658 3188 763 3260 gentis
785 3188 892 3248 studia
906 3188 1084 3265 simplicius
1098 3186 1282 3264 peregrina,

345 3291 351 3306 ¹
405 3314 502 3374 quam
523 3315 592 3370 sua,
609 3301 810 3374 aestimantis,
829 3305 927 3365 etiam
951 3304 1204 3379 quammultae,
1229 3305 1286 3363 aut

406 3416 553 3491 corporis
578 3416 667 3487 vitia,
682 3418 709 3478 si
725 3419 820 3480 modo
835 3419 967 3480 aliunde
986 3419 1202 3488 amabantur,
1220 3419 1286 3478 tra-

406 3529 514 3590 hentis
527 3531 560 3591 in
580 3531 721 3592 landem.
737 3502 867 3596 Nam'et
885 3537 1049 3613 peregrini
1063 3537 1204 3598 hominis
1223 3537 1287 3596 elo-

408 3647 570 3719 quentiam
587 3648 723 3709 vidimus
740 3651 854 3714 crebro
877 3654 996 3728 linguae
1011 3647 1122 3714 errore
1140 3654 1298 3742 savorem¹
