3048 5046
417 655 449 706 lt
591 663 632 704 unt
652 663 677 704 J.
705 662 854 704 narremur
878 663 1042 709 ascanius

415 797 602 871 reliquerat.
635 795 697 854 Res
724 797 832 854 autem
867 799 984 870 praeter
1010 799 1080 872 ejns
1110 800 1291 874 opinionem

413 927 478 970 non
494 910 619 970 cecidit.
637 909 720 969 Nam
744 926 841 986 quum
865 911 898 969 in
923 912 983 971 hoc
1004 911 1085 971 libro
1111 920 1292 988 praesertim

417 1025 618 1099 Guglielmus
634 1025 803 1084 Barolaius
816 1041 947 1100 operam
963 1025 1142 1089 insumeret
1162 1033 1198 1090 ut
1213 1032 1304 1092 (ire-¹

415 1141 542 1214 goriam
568 1138 747 1214 Septimum
768 1139 1036 1216 Bonil'aciumque
1059 1142 1215 1205 Octavum
1231 1148 1292 1208 sihi

410 1258 476 1329 jue,
492 1255 589 1315 nullis
606 1256 662 1314 aut
686 1253 814 1326 divinis,
839 1257 896 1316 aut
911 1255 1061 1316 humanis
1075 1258 1199 1333 legibus
1218 1266 1293 1324 ante

413 1355 616 1441 conoessum,
635 1372 669 1430 in
684 1371 845 1447 principes
859 1371 897 1432 de
921 1371 1017 1433 rebus
1039 1376 1178 1450 politicis
1198 1395 1293 1440 arro-

313 1555 318 1568 ·
414 1501 508 1557 gesse
536 1486 843 1560 contend·eret,.neo
876 1487 946 1546 sine
972 1503 1088 1562 magno
1124 1493 1293 1555 catholicae

414 1598 580 1672 religionis
591 1599 707 1658 damno
717 1599 812 1660 aliter
820 1601 951 1661 decerni
962 1619 1057 1678 posse
1065 1603 1291 1682 arbitraretur,

413 1714 464 1774 vel
477 1718 623 1774 mortuus
637 1715 880 1776 acerbissimam
893 1721 1149 1782 controversiam
1161 1727 1292 1799 excivit,
1310 1807 1315 1816 ,

414 1832 446 1889 et
476 1828 637 1890 loannem
680 1830 866 1894 Barclaium
899 1831 1115 1909 Bellarmino‚
1156 1819 1293 1916 patroci-

412 1943 502 2003 nium
531 1945 617 2005 laesae
650 1949 846 2022 pontificalis
879 1954 1060 2028 majestatis
1092 1955 1291 2031 suscipienti,
1356 1979 1359 1983 ·

415 2056 591 2118 obnoxium
619 2061 846 2141 deditaque
871 2069 1081 2131 veliementer
1109 2075 1293 2146 exagitatus

414 2170 469 2230 ille
483 2175 515 2232 et
531 2173 565 2232 in
587 2162 754 2250 angustias
776 2181 945 2256 adductus,
968 2202 1026 2261 pro
1046 2183 1140 2248 domo
1167 2204 1237 2260 sua,
1259 2192 1294 2250 ut

415 2286 461 2344 ita
475 2287 592 2361 dicam,
609 2305 705 2364 agere
720 2309 854 2374 necesse
869 2298 994 2371 habuit,
1007 2301 1179 2374 etlibrum,
1200 2319 1294 2380 repu-

414 2402 535 2474 gnandi
552 2420 663 2478 causa,
681 2407 715 2468 in
740 2409 845 2470 lucem
861 2414 995 2488 protulit
1010 2416 1291 2491 quiinsorihitur:

373 2549 374 2554 κ
412 2517 1294 2609 precessioepuoa'coeprorepuensaoprnwtptrnser

408 2629 561 2704 privatae
570 2651 637 2709 pro
654 2642 690 2698 G.
709 2644 872 2706 Buroloto
879 2647 1027 2720 parente
1045 2651 1204 2710 circuietur
1218 2666 1294 2712 con-

415 2745 470 2807 tro
489 2753 752 2817 Britannicum.
807 2759 809 2766 ’
896 2751 898 2754 ’
1235 2757 1240 2767 ’

451 2861 595 2938 Longius
610 2871 789 2944 prosectoa
816 2878 983 2950 proposito
1007 2895 1152 2940 errarem
1173 2885 1291 2959 siquae

411 2965 533 3030 suerint
547 2973 632 3033 ultro
653 2978 799 3054 citroque
820 2995 839 3039 a
862 2981 1011 3044 Barclaio
1030 2985 1291 3065 Bellarminoque

413 3072 452 3132 de
467 3077 661 3148 pontificalis
684 3083 810 3159 imperii
830 3084 948 3147 finibus
959 3089 1134 3168 disputata,
1155 3110 1291 3170 perpen-

413 3187 535 3249 derem.
552 3190 700 3268 Constat,
714 3198 928 3272 plurimorum
944 3208 979 3266 ut
990 3205 1051 3267 sert
1066 3209 1187 3284 opinio‚'
1201 3197 1291 3270 illum

412 3307 626 3368 eoertamine
650 3311 808 3373 minorem
830 3319 984 3390 euasisse,
1009 3322 1077 3382 sive
1100 3323 1209 3386 minus
1233 3343 1290 3402 pu·

413 3405 506 3490 gna'oi
536 3428 839 3501 concertatoriooue
855 3431 918 3492 isto
945 3433 1072 3495 dicendi
1097 3453 1214 3511 genere
1235 3442 1290 3500 de-

411 3531 595 3610 lectaretur,
615 3540 682 3601 sive
702 3542 844 3604 civilium
864 3548 1220 3630 ecclesiasticarumque
1239 3569 1304 3636 re·¹

411 3661 484 3706 rum
506 3652 640 3714 scientia
658 3655 861 3740 deficeretur..
884 3659 1016 3725 Meliore
1035 3666 1135 3740 igitur
1155 3667 1289 3728 consilio
