3048 5046
391 659 424 711 20
607 667 648 710 nn
669 666 695 712 s.
714 649 865 710 anechin
884 659 1049 705 ineuntur

428 803 561 864 incusat
580 803 612 860 ct
633 800 687 860 ille
707 797 874 858 Gallorum
899 795 985 854 leves
1003 793 1139 860 animos,
1155 789 1266 850 multis

317 913 318 918 ’
392 917 664 993 amplissimisque
709 912 893 973 assentiens
942 907 1158 978 auctoribus,
1193 907 1270 968 licet
1370 949 1380 962 .

392 1032 603 1094 humaniores
618 1030 748 1106 quidam
761 1028 889 1103 jndices
914 1025 1009 1085 aliter
1026 1023 1232 1083 decreverint
1247 1023 1268 1079 ¹.

394 1147 556 1223 Quidquid
584 1147 615 1205 id
643 1147 703 1216 est,
729 1158 876 1203 nonnos
904 1139 1015 1200 Gallos
1036 1139 1163 1198 deceta
1193 1135 1272 1196 Bar·
1315 1161 1318 1166 ·

393 1265 476 1326 claio
485 1265 595 1340 judice
607 1275 787 1338 provocare
807 1273 905 1336 quum
914 1256 1097 1334 praesertim
1111 1257 1150 1316 de
1166 1255 1274 1316 indole

393 1382 424 1441 et
444 1378 573 1452 ingenio
602 1348 836 1442 Britannorum
864 1375 896 1433 et
923 1370 1163 1431 Germanorum
1181 1371 1274 1430 acute

392 1495 425 1553 et
439 1494 581 1568 graviter
596 1489 842 1552 existimaverit.
852 1487 1003 1547 Priorum
1012 1485 1097 1545 enim
1108 1507 1121 1538 «
1131 1500 1274 1560 precem

393 1613 548 1670 altimum
563 1607 594 1666 et
607 1604 643 1666 in
658 1604 792 1666 cecelut
806 1607 852 1663 ad
867 1599 1047 1663 consillum
1059 1599 1236 1660 seductum
1246 1621 1272 1667 a,

393 1723 613 1797 ferociamque
643 1721 687 1778 lta
717 1717 889 1792 descripsit
912 1718 948 1775 ut
970 1715 1009 1775 de
1035 1715 1174 1788 imagine
1194 1714 1275 1773 nihil

367 1890 369 1894 .
394 1839 524 1911 longum
558 1837 684 1910 tempus
708 1831 867 1893 exemerit
888 1835 914 1890 ².
940 1829 1143 1890 Posteriores
1167 1832 1276 1889 autem

395 1954 467 2029 quis
487 1953 582 2026 neget
608 1949 647 2008 ad
673 1948 818 2008 historiae
841 1946 936 2006 fidem
960 1923 1010 2003 his
1033 1945 1140 2004 verbis
1159 1961 1277 2020 reprae-

395 2066 547 2126 semari‘l

436 2201 453 2233 ‹
468 2179 629 2239 Immensa
643 2177 801 2252 cupiditas
817 2180 922 2252 potus
934 2179 1003 2252 jam
1019 2161 1167 2237 confesso
1184 2177 1274 2247 vitio,

394 2296 530 2370 ideoque
546 2293 649 2366 magis
666 2292 779 2362 libero,
797 2293 886 2351 illam
901 2293 1030 2366 gentem
1051 2291 1195 2350 infestat.
1208 2289 1275 2349 Nec

394 2410 434 2469 ad
451 2409 651 2484 voluptatem
673 2408 797 2466 tantum
823 2405 893 2466 haec
914 2405 1072 2465 Thracica
1093 2405 1191 2465 libido
1214 2408 1274 2476 est,

395 2525 450 2584 sed
473 2524 505 2583 in
529 2524 620 2599 parte
643 2522 816 2593 comitatis
831 2524 863 2582 et
881 2537 972 2596 paene
995 2521 1184 2596 disciplinae.
1210 2520 1277 2580 Ve-

432 2760 581 2822 monens,
606 2767 633 2815 de
652 2763 713 2831 Rep.
745 2765 783 2814 lib.
806 2765 839 2824 V,
857 2781 910 2830 cap,
933 2771 964 2827 2,
991 2765 1099 2814 levitatis
1120 2781 1220 2816 causam
1244 2767 1276 2816 ad

397 2844 616 2902 temperamentum
631 2836 769 2895 Gallorum,
796 2837 862 2902 quod
887 2836 951 2886 ssave
969 2835 1018 2885 bile
1043 2836 1166 2896 abundet,
1192 2837 1274 2894 refert,

395 2924 475 2973 neque
489 2908 624 2965 levitatem,
640 2925 683 2957 seu
703 2909 797 2962 vitium.
808 2908 851 2956 sed
866 2907 1014 2956 celeritatem
1027 2909 1125 2973 agendi,
1141 2924 1185 2957 seu
1201 2911 1275 2957 virtu-

393 2986 443 3026 tem
457 2978 575 3042 appellat.
599 2977 678 3039 Culus
702 2980 845 3028 sententiam
859 2994 955 3043 quoque
976 2979 1038 3027 tueri
1053 2979 1148 3028 videtur
1163 2977 1274 3044 Scaliger

385 3044 590 3115 (Ecclericertme
612 3049 807 3099 exercitationum
835 3049 878 3100 lib.
905 3065 928 3098 c.
944 3045 993 3111 lor)
1013 3061 1045 3100 ι’·
1067 3048 1163 3108 Gallos,
1185 3051 1273 3115 inquit.

394 3119 465 3167 video
494 3119 525 3168 ad
552 3121 632 3168 omnia
658 3128 780 3169 momenta
803 3121 843 3169 vel
869 3128 1001 3169 eventuum
1027 3121 1066 3168 vel
1090 3120 1274 3186 disciplinarum

393 3197 526 3255 promptos,
551 3199 657 3254 paratos,
671 3191 799 3241 versatiles
816 3212 821 3250 ;
838 3199 865 3240 ut
883 3191 959 3240 semel
973 3193 1102 3257 quicquam
1121 3193 1160 3240 vel
1182 3193 1273 3252 visum,

393 3260 434 3309 vel
446 3261 580 3317 conditum,
599 3261 663 3310 illico
677 3263 743 3328 apud
758 3277 841 3311 eorum
855 3263 953 3328 ingenia
972 3271 996 3312 et
1008 3263 1122 3328 deponat,
1140 3271 1164 3312 et
1178 3265 1275 3313 amittat

395 3334 541 3380 novitatem.
559 3332 587 3380 ln
613 3349 641 3380 eo
662 3334 716 3398 ipsc
736 3335 833 3398 penitus
855 3333 978 3398 extemplo
999 3333 1114 3383 videntur
1134 3337 1185 3383 neti
1201 3343 1274 3400 atque

395 3403 500 3452 educati.
517 3401 568 3462 Qui
583 3405 719 3453 animorum
728 3407 799 3470 vigor
809 3407 906 3471 igneus,
923 3412 1065 3470 maturaque
1077 3406 1196 3464 celeritas,
1212 3406 1275 3454 nulli

395 3475 435 3522 alii
451 3475 543 3523 nationi
562 3475 619 3523 data
633 3483 671 3524 est
685 3492 699 3524 a
715 3485 814 3525 natura.
837 3494 844 3514 ·

429 3541 547 3595 ¹leonem
571 3546 715 3602 animorum.
740 3549 868 3602 immerito.
901 3554 929 3596 ut
953 3549 1055 3612 opinor.
1079 3547 1183 3597 conferri
1201 3563 1274 3614 posse

394 3625 542 3664 censuerunt
561 3617 670 3666 nonnulli
690 3635 745 3668 cum
768 3618 921 3668 celeberrimo
935 3616 1075 3667 Goldsmith
1098 3628 1210 3685 poemata
1234 3620 1274 3666 cui

394 3686 478 3734 titulus
498 3685 580 3737 Viator
599 3687 654 3751 (The
670 3684 811 3752 Praeeller).
