3048 5046
436 685 469 739 36
654 698 694 741 ou
714 701 738 744 J.
756 697 906 741 unacum
929 695 1094 738 lineunrnn

435 854 450 885 »
475 833 541 890 lum
557 821 758 896 habuissent.
783 809 1051 906 Argenidemque,
1071 829 1172 890 donec
1195 831 1227 888 in
1242 846 1312 890 ma-

433 946 662 1006 »trimonium
688 946 831 1015 daretur,
857 944 933 1005 Deae
955 946 1022 1004 aris
1054 945 1311 1020 praefecissent

433 1063 679 1122 »Poliarolrum
707 1065 833 1122 remota
862 1062 952 1121 larva
975 1063 1008 1120 in
1037 1061 1160 1134 regiam
1181 1062 1309 1122 venisse

391 1231 395 1238 .
432 1195 446 1232 »
470 1181 503 1236 et
521 1176 639 1236 furtiva
653 1193 726 1236 oum
748 1176 874 1250 ‘virgine
895 1175 1015 1236 foedera
1031 1175 1190 1249 ¹iunxisse.
1208 1175 1310 1234 Radi-

430 1315 447 1349 »
470 1294 583 1354 robani
604 1308 682 1354 vero
703 1309 766 1352 non
784 1292 1041 1368 desperandum;
1064 1292 1134 1365 cogi
1150 1291 1233 1352 velle
1248 1293 1308 1351 Ar-

430 1431 448 1471 ›>
469 1413 618 1485 genidem
630 1434 643 1464 u
656 1410 769 1472 edocet
785 1409 1224 1486 Selenissa,opomquesuam
1234 1426 1307 1484 pro-

426 1526 535 1587 mittit..
552 1525 613 1586 Sed
630 1526 685 1585 ille
700 1541 798 1602 quum
825 1525 864 1584 ad
889 1524 1109 1585 natalitiorum
1136 1524 1305 1598 Argenidis

425 1639 781 1702 anniversariumdiem
792 1639 1028 1701 extotaSioilia
1040 1643 1302 1712 concurreretur,

391 1743 392 1746 '
423 1755 455 1816 ui
471 1754 577 1832 potius
593 1771 689 1832 quam
709 1755 893 1832 eloquentia
918 1755 1031 1826 fretus,
1052 1759 1202 1828 ma'gnam
1218 1770 1303 1830 pom·

423 1887 497 1946 pam
512 1871 601 1930 velut
619 1870 659 1930 ad
675 1869 761 1929 huno
777 1870 862 1929 diem
882 1860 1172 1930 commendandum
1194 1871 1302 1945 parari

419 1983 523 2062 jubet,
540 1985 625 2045 adsit
637 1985 688 2045 oui
699 1972 871 2045 nomo'non
884 1986 985 2044 armis
999 1985 1199 2056 succinctus;
1214 1986 1301 2060 Jam-

422 2117 483 2176 que
510 2101 584 2161 filiae
607 2101 774 2177 patrisque
803 2101 911 2177 raptui
936 2101 1104 2176 proximus
1127 2104 1209 2172 erat,
1233 2102 1299 2162 doli

420 2217 574 2292 comperti
593 2232 691 2291 quum
712 2214 940 2290 oxriloduntur.
962 2215 1089 2275 Interea
1105 2215 1296 2276 Poliarolrus

419 2348 557 2393 excussa
578 2336 738 2410 quartana
754 2349 817 2410 qua
831 2333 950 2393 dudum
966 2334 1145 2406 laborabat,
1163 2337 1195 2394 in
1212 2333 1298 2396 Sici-

418 2440 494 2498 liam
521 2441 709 2516 trajecerat,
735 2441 768 2500 et
790 2440 1016 2501 Archombroti
1040 2442 1178 2502 vzotoria
1203 2445 1296 2517 quasi

419 2535 554 2615 ltilmine
567 2556 759 2617 commotus,
774 2555 849 2630 quid
866 2570 946 2634 opus
962 2555 1047 2615 facto
1063 2559 1159 2627 esset,
1176 2557 1295 2618 multos

415 2673 500 2731 inter
520 2671 692 2746 singuline,
708 2686 782 2731 oum
808 2671 970 2745 Argenide
992 2672 1075 2731 clam
1098 2674 1290 2747 agitaverat.
1339 2725 1340 2728 ,

452 2785 519 2848 Neo
532 2787 667 2849 meliore
681 2789 750 2848 loco
765 2787 943 2848 Meleandri
960 2804 1013 2848 res
1029 2789 1099 2850 sitae
1119 2792 1224 2850 erant.
1239 2791 1293 2850 ln·

411 2901 571 2960 vidiosum
585 2903 671 2961 enim
697 2903 725 2962 is
738 2903 1019 2980 periculosumque
1035 2905 1130 2964 simul
1155 2905 1292 2967 arbitra·

410 3015 507 3074 batur
531 3017 625 3088 iram,
641 3018 716 3078 licet
734 3019 869 3100 J'ustam,
885 3035 1040 3081 exeruere
1059 3021 1092 3080 in
1107 3037 1215 3097 regern
1228 3041 1292 3083 nu-

411 3131 549 3204 perrime
565 3131 664 3201 dese,
687 3133 789 3209 deque
803 3150 903 3208 regno
911 3135 993 3197 bone
1007 3140 1170 3210 meritum,
1187 3156 1290 3217 neque

407 3259 470 3319 quo
486 3262 520 3304 se
541 3251 684 3308 verteret
699 3247 850 3324 habehat,
864 3253 1045 3326 praesertim
1072 3271 1170 3329 quum
1186 3254 1289 3322 Radi-

405 3359 545 3422 rohanes
561 3361 671 3423 furens
693 3363 819 3425 litteras
848 3365 888 3425 ad
911 3367 1001 3428 illum
1031 3370 1155 3432 miserit
1170 3371 1287 3446 quibus

403 3492 475 3550 quae
487 3476 666 3552 accepisset
694 3494 713 3538 a
738 3477 903 3540 Selenissa
919 3484 1044 3542 secreta
1059 3485 1283 3560 vulgarentur,

401 3604 530 3665 unaque
560 3592 732 3668 Argenidis
757 3593 840 3654 lama
868 3598 1098 3659 temeraretur.
1120 3600 1179 3661 His
1205 3618 1283 3678 per-

398 3701 491 3763 lectis
506 3706 692 3769 Meleamler
715 3711 802 3769 curis
823 3712 971 3786 obrutus
994 3718 1117 3797 arcessi
1138 3718 1279 3780 Selenis-
