3062 5048
388 675 423 729 ut
604 683 644 723 uu
669 683 693 722 J.
721 679 868 723 unucumr
888 680 1054 724 aucaurnu

389 831 523 888 reguum
535 813 669 875 laboret.
688 811 811 870 scilicet
820 812 978 886 judicum,
994 813 1270 888 patronorumque

389 931 590 1006 frequentem
612 943 792 997 numerum,
819 929 851 987 et
878 926 1008 1000 longam
1037 927 1138 986 litium
1163 928 1271 1010 prola-

386 1049 520 1117 tionem,
540 1046 692 1122 patel'acit
720 1043 912 1117 lacessitque
937 1041 1121 1101 Barclaius:
1148 1041 1270 1117 dequo

385 1164 431 1222 ita
446 1162 628 1237 loquentem
646 1159 858 1220 lhburranem
874 1158 997 1218 inducit
1013 1173 1019 1215 :

426 1277 504 1338 «Ne
521 1279 613 1354 putes
628 1276 713 1338 levia
727 1276 796 1336 liaec
816 1292 901 1346 esse,
918 1274 999 1347 Rex,
1023 1273 1139 1350 quihus
1165 1275 1268 1336 levari

387 1393 497 1455 Sicilia
524 1395 676 1469 exoptat:
705 1393 814 1451 nescio
840 1405 882 1449 an
919 1389 1024 1449 turbae
1051 1389 1162 1449 civiles
1188 1406 1269 1468 quas

387 1512 482 1572 modo
497 1511 661 1581 sedavisti,
685 1510 840 1569 furiosius
863 1508 1044 1578 saevierint;
1068 1508 1125 1566 aut
1151 1507 1270 1568 uellu-

384 1628 467 1688 bites
483 1644 579 1704 quam
594 1627 702 1702 ampla
731 1625 871 1685 factione
896 1626 1060 1686 minentur
1082 1624 1150 1683 llaec
1166 1622 1263 1692 mala,

384 1763 448 1807 nou
478 1745 586 1821 plures
614 1760 687 1804 cum
716 1742 886 1818 Lycogene
920 1739 1081 1799 coierant.
1121 1737 1188 1808 Isti,
1220 1739 1267 1796 iu·

385 1877 491 1936 quam,
513 1861 674 1930 advocati,
693 1855 840 1935 patroni,
868 1856 1043 1930 scriptores
1072 1855 1265 1930 lictoresque

391 1976 479 2057 (nam
498 1979 640 2046 ludices,
658 1980 733 2054 quia
748 1993 804 2036 eos
822 1972 1004 2043 constituis,
1028 1988 1143 2032 vereor
1163 1971 1267 2031 nomi-

386 2094 480 2172 nare)
497 2096 577 2157 adeo
590 2113 759 2158 numerum
775 2100 943 2176 superant,
957 2100 993 2157 ut
1010 2093 1182 2171 'pauciores
1202 2098 1268 2156 sint

387 2211 550 2286 agricolae,
571 2215 741 2290 pauciores
760 2219 813 2292 qui
830 2219 863 2276 in
882 2220 1067 2278 mercatura
1081 2219 1266 2287 vertuntur,

386 2340 563 2399 regnumve
584 2329 779 2390 custodiunt.
795 2329 887 2392 Unde
907 2348 985 2392 vero
1002 2335 1092 2392 tanta
1108 2331 1162 2390 illa
1186 2334 1267 2406 getis

386 2444 479 2517 vivit,
497 2446 558 2504 nisi
575 2447 745 2522 exinjuiia
759 2448 879 2525 populi,
897 2464 939 2508 ex
961 2447 1052 2506 clade
1067 2448 1266 2521 etsangnine

387 2562 579 2623 miserorum
592 2564 643 2622 l...
662 2563 723 2625 Sed
740 2567 902 2642 utcunque
924 2565 1089 2623 numerosi
1109 2567 1141 2623 et
1158 2563 1266 2638 aliqua

386 2678 578 2751 contagione
606 2678 712 2738 vicina
747 2679 855 2738 omnia
880 2677 1061 2747 turbantes,
1092 2677 1205 2736 saltem
1240 2679 1267 2736 si

387 2791 478 2853 brevi
508 2794 665 2870 supplicio
695 2796 837 2855 contenti
862 2794 1035 2853 mulctatos
1054 2793 1266 2854 dimitterent.

386 2906 480 2969 Nunc
502 2911 626 2969 aeterna
653 2913 729 2970 suut
749 2910 869 2987 jurgia,
887 2913 922 2970 nl
942 2910 969 2968 si
993 2925 1068 2968 cum
1090 2909 1269 2986 sumptibus

389 3023 430 3083 sit
444 3025 666 3085 molestiarum
682 3028 778 3096 rati0‚
799 3028 931 3099 gravius
945 3027 1038 3101 putes
1058 3025 1104 3085 sic
1123 3027 1266 3092 viru-ere,
1296 3005 1298 3010 ¹

387 3155 484 3216 quam
512 3139 680 3200 confestim
704 3142 864 3200 damnari.
887 3141 965 3201 Illud
995 3144 1045 3202 est
1066 3141 1268 3216 potissimum

388 3253 471 3329 quod
486 3254 589 3328 exigit
603 3257 690 3314 tuam
711 3271 821 3314 curam
833 3258 854 3314 ¹.
870 3277 887 3310 s

427 3370 541 3430 Tantis
555 3371 649 3430 malis
664 3371 693 3430 id
705 3361 882 3432 remedium
895 3372 962 3433 sore
976 3371 1269 3447 uutatlbburranes
1350 3437 1354 3446 ,

387 3487 413 3546 si
430 3489 590 3548 sistantur
607 3488 772 3562 jndicibus
787 3488 834 3548 illi
847 3489 856 3548 i
863 3490 908 3565 psi
925 3490 979 3566 qui
997 3491 1082 3551 inter
1094 3506 1129 3549 se
1144 3488 1269 3548 dissen-

424 3709 740 3779 ¹l.ssi1‹cmuarffenis.
759 3715 812 3764 Lib.
830 3717 876 3774 ΙΙΙ,
893 3734 914 3765 c.
934 3722 970 3766 tc.
