3062 5048
232 597 234 602 ’
285 619 328 666 nn
343 616 477 670 uanum,
491 620 531 660 nn
544 615 708 674 nunsoum,
725 617 766 661 nn
777 615 875 663 sallo
888 616 1060 666 auonnrms
1079 609 1111 664 ll

230 749 1115 819 toresessevtdentur.ntdum-causidicorumvtcelun-

231 872 353 948 guntur
363 871 558 940 etmagnam
574 866 696 941 ingenii
712 866 761 926 sui
775 859 907 926 movent
922 866 1114 928 admiratio«

232 1003 317 1054 nem,
327 983 551 1045 seseltomines
559 979 705 1057 praehere
718 981 852 1042 minime
862 986 990 1051 ourani,
1002 987 1035 1045 et
1045 984 1114 1059 qui-

233 1105 305 1165 dem
314 1103 507 1176 eotempore
517 1114 579 1174 quo
595 1098 616 1156 ii
626 1096 786 1156 omnesde
796 1097 911 1173 quibus
924 1101 1115 1161 memoriam

232 1211 1115 1296 aooepimusmaximehomineoluisseconstatEtenim

234 1333 310 1412 quid
324 1334 357 1394 in
379 1330 551 1391 Poliarollo
572 1327 715 1390 hominis
734 1332 808 1391 esti
826 1330 988 1404 Quantum
1014 1333 1114 1394 distat

233 1448 274 1509 ab
288 1447 343 1507 illo
357 1445 529 1506 Bearnano
545 1446 733 1521 rogeoujus
748 1447 786 1507 ad
802 1448 970 1524 exemplar
983 1450 1113 1524 exoogi-

232 1566 321 1624 tatus
345 1560 503 1628 liabetur,
527 1560 580 1635 qui
602 1557 683 1618 nihil
705 1562 832 1624 dicebat
850 1564 1029 1625 iaciebatve
1050 1583 1114 1643 quo

233 1696 299 1740 non
321 1677 495 1760 sevirum,
517 1679 550 1736 et
569 1676 686 1749 virum,
710 1678 743 1736 et
757 1693 867 1752 regem
887 1696 959 1741 esse
982 1683 1115 1741 testare·

232 1792 302 1857 tur!
320 1794 402 1868 Quid
417 1794 519 1852 relert
535 1793 619 1868 quod
636 1795 788 1855 omnibus
802 1794 977 1856 virtutibus
993 1794 1114 1871 praedi·
1186 1831 1191 1838 ·

232 1910 284 1968 tus
304 1910 358 1979 sit,
375 1908 529 1984 vitiisque
548 1910 659 1968 careat
679 1906 884 1975 Poliarolius,
900 1907 928 1964 si
949 1906 1029 1966 nihil
1050 1906 1113 1966 nini

231 2023 367 2100 species·
385 2013 532 2100 quaedam
565 2023 667 2084 oculis
695 2022 886 2098 subjicitur?
919 2021 999 2095 Quid
1029 2023 1114 2098 quod

233 2140 433 2202 Radirobani
459 2143 515 2201 aut
541 2141 705 2216 Lyoogeni
738 2139 823 2198 mala
851 2138 979 2200 abunde
1006 2140 1114 2202 omnia

232 2241 308 2327 sint,
332 2272 429 2332 quum
456 2236 615 2329 ligneolas
642 2254 809 2315 hominum
837 2255 960 2330 figuras
978 2256 1114 2316 velutin

230 2388 328 2432 scena
342 2374 468 2432 tantum
477 2371 595 2447 exponi
608 2370 823 2444 intelligatur?
833 2368 913 2442 Quid
926 2372 966 2431 de
977 2371 1116 2454 Malean·

230 2488 290 2548 dro
315 2488 368 2564 qul
389 2483 493 2562 magis
517 2487 640 2547 comico
660 2488 745 2561 patri
765 2487 907 2557 cuidam,
936 2503 1032 2562 quam
1061 2487 1114 2548 vel

231 2604 391 2666 imbecillo
406 2607 548 2681 tyranno
565 2603 693 2671 similis,
721 2619 852 2679 semper
868 2574 931 2680 quo
945 2620 980 2664 se
1005 2606 1113 2666 vertat

229 2722 343 2793 nescit,
357 2724 390 2781 et
406 2723 511 2797 potius
539 2720 664 2780 Prusiae
687 2721 774 2794 regis
801 2724 893 2796 (pace
908 2722 1016 2782 dicam
1033 2721 1112 2784 Cor·
1202 2717 1205 2724 '

230 2839 306 2897 nelli
318 2837 343 2916 1)
362 2853 458 2915 qnam
474 2837 606 2898 Henrioi
626 2837 726 2897 Tertii
748 2839 848 2899 reteri
860 2839 994 2900 vullus‘?

272 2953 496 3017 Radirohanes
525 2969 615 3025 veru,
641 2955 694 3028 qui
723 2956 934 3031 cupiditatum
951 2957 1113 3032 impotens

229 3071 380 3150 prinoeps
395 3070 600 3150 proponitur,
622 3070 767 3131 stultitiae
783 3073 815 3132 et
830 3071 1025 3133 documento
1041 3089 1115 3135 esse

230 3188 480 3264 potestatuum
500 3191 532 3250 ni
554 3192 652 3260 risus,
677 3190 899 3265 potiusquam
918 3191 1023 3248 metus
1044 3188 1115 3261 ejus

230 3304 429 3366 facinoribus
450 3315 705 3369 commoveatur,
730 3305 859 3382 Quanto
882 3304 986 3377 magis
1002 3319 1114 3386 ¹verum

230 3427 416 3499 trucemque
431 3439 466 3482 se
483 3423 606 3498 prol'ert
622 3426 808 3484 Boeotorto
819 3424 874 3489 ille
889 3437 983 3504 quom
999 3421 1111 3480 noster

228 3539 357 3612 Penelo,
373 3541 464 3617 quasi
479 3541 638 3618 quoddam
654 3541 822 3618 exemplar
835 3555 905 3600 esse
926 3536 1029 3598 voluit
1039 3553 1122 3597 ma-·

122 3701 127 3710 -
230 3662 335 3724 lorum
352 3662 467 3739 quibus
480 3662 585 3763 nimia
600 3661 820 3736 effrenataque
837 3676 948 3736 regum
962 3660 1107 3742 potentia
