3048 5046
498 619 539 662 un
558 621 581 660 J.
598 620 748 664 annonari
769 621 840 662 vrrn
1077 613 1110 674 23

232 749 438 824 surripuisse.
453 748 522 809 Hoc
544 753 651 811 autem
670 751 880 812 veliementer
899 751 966 826 ipse
982 750 1113 824 negavit

235 864 268 923 in
294 862 485 940 praefatione
515 865 589 924 libri
617 867 669 927 cui
698 867 811 928 titulus
837 869 1034 928 Purreneais
1069 869 1114 925 orl

232 980 416 1052 Scutarios,
433 981 618 1056 adjecitque
644 998 679 1042 se
705 965 872 1058 nunquam
893 983 976 1056 apuu
1002 996 1112 1054 regem

235 1103 354 1164 furtivo
376 1103 427 1163 vel
461 1104 574 1163 timido
602 1120 691 1165 more
718 1103 869 1164 catholici
893 1105 954 1164 viri
978 1119 1115 1164 munera

235 1219 372 1289 obiisse,
397 1219 616 1295 familiamque
644 1236 773 1296 semper
801 1220 912 1279 eadem
943 1219 1113 1294 disciplina

235 1334 390 1394 imbutam
404 1334 514 1408 iuisse;
529 1336 716 1395 camautem
730 1351 863 1396 causam
877 1334 1038 1395 discessus
1054 1335 1113 1393 ba-

235 1450 344 1510 buisse
369 1467 410 1510 ne
430 1451 641 1527 natisionis
668 1466 764 1512 casus
785 1453 841 1512 aut
856 1467 891 1511 se
918 1451 1023 1526 ipsum
1037 1450 1113 1521 illis,

236 1569 292 1625 aui
319 1566 379 1626 sibi
404 1581 514 1640 regem
546 1566 738 1642 eripuisset,
768 1566 919 1640 adempto
946 1557 1116 1644 privilegio

236 1697 299 1757 quo
333 1685 490 1742 externus
519 1681 705 1749 frueretur,
746 1680 940 1741 britannicae
965 1680 1116 1754 religioni

236 1803 352 1863 parere
380 1790 584 1862 cogerentur.
601 1789 765 1849 Praeterea
785 1787 871 1847 illius
884 1787 1118 1846 conscientiam

237 1893 403 1970 premebat
424 1895 522 1970 quod,
546 1895 648 1970 patris
670 1894 756 1955 edito
772 1893 865 1966 iibr0‚
883 1894 963 1953 etin
984 1909 1118 1969 pravam

236 2011 362 2084 partem
394 2011 547 2085 accepte,
575 2009 722 2070 ecclesiae
755 2009 905 2069 nonnihil
932 2009 1118 2070 detrimenti

206 2145 210 2154 ·
237 2128 409 2188 attulisset.
432 2147 450 2187 «
472 2132 572 2190 Dolor·
598 2126 719 2204 luitur,
739 2129 853 2205 inquit,
870 2128 902 2188 ei
918 2132 1119 2200 artedunum
1207 2153 1213 2167 ·

237 2249 318 2303 lonc
333 2244 464 2309 licebat.
487 2266 499 2296 «
516 2247 623 2305 raolim
639 2244 772 2316 fuciano
788 2267 801 2296 ι)
817 2259 907 2317 scene
921 2258 1120 2316 mecumre-

234 2358 327 2431 petii.
344 2361 415 2419 Nec
427 2356 531 2419 nitier
543 2373 733 2433 enitescere
746 2343 1002 2431 ultimabonorum
1016 2373 1119 2430 quom

149 2482 151 2486 ·
235 2471 266 2534 ri
276 2471 416 2546 pedibus
429 2475 533 2534 Sarac.
543 2471 662 2534 Patris
677 2475 817 2548 effusam,
830 2477 1120 2547 traloqueuaaaa-

236 2585 383 2662 rainaci
397 2589 501 2648 totum
514 2604 569 2649 me
581 2591 760 2666 dedissem.
769 2592 824 2649 Me
835 2591 999 2649 Ecclesiae
1013 2590 1122 2658 flium

237 2709 475 2770 encraticarum.
497 2710 653 2780 primum
673 2706 723 2767 illi
750 2708 1063 2781 paetatamueoart,
1089 2707 1121 2766 et

238 2822 370 2894 notioni
383 2823 500 2883 Putris
515 2827 640 2893 verbis,
655 2837 780 2883 errore
792 2838 846 2883 mc
860 2838 971 2896 posse,
989 2819 1122 2882 lucreti-

237 2954 315 2999 cum
330 2954 402 3001 ease
424 2955 494 3000 ooo
511 2955 623 3016 posse.
649 2942 706 3001 Sic
723 2943 814 3014 aprici
840 2955 894 3000 me
916 2938 1119 2999 aracdilatum

237 3071 312 3116 rem
327 3057 507 3118 eoesecutos
525 3072 613 3131 suro,
634 3057 665 3118 et
677 3057 873 3118 saccenuill.
894 3079 906 3110 a
924 3055 1012 3116 Nihil
1024 3059 1113 3116 vetat

240 3174 413 3250 quominus
432 3174 511 3234 talia
535 3175 625 3234 dese
656 3173 821 3250 profitenti
840 3173 991 3232 Barclaio
1020 3173 1117 3233 tillem

241 3288 463 3348 adhibeamus.
495 3288 645 3348 Attamen
676 3289 775 3347 aliam
820 3288 952 3347 omnino
987 3303 1121 3349 causam

226 3395 340 3464 'luisse
364 3393 599 3478 c'uranglicam
625 3403 734 3462 aulam
767 3404 933 3464 desereret
957 3405 1117 3478 suspicor,

282 3651 288 3680 ¹
300 3655 439 3706 ‘Pmoeucsis
453 3657 483 3705 od
493 3655 623 3706 Sertorios.
638 3656 731 3714 Rome,
749 3663 807 3706 lilii.
